2730 4650
666 235 709 316 33

139 418 336 489 simorum
357 417 1226 508 ingeniorumPeerlkampiusoptimsexplicat⁴²)3

140 548 240 612 quare
261 527 299 590 ut
318 525 419 591 rerba
433 525 500 610 illa,
523 525 557 590 id
579 526 665 609 quod
686 525 755 590 iure
780 523 1007 610 expectavtms,
1030 528 1065 592 in
1085 514 1226 614 gratiam

141 631 277 717 recipiat
298 632 427 696 tantum
449 630 542 695 abest
562 632 601 694 ut
622 651 740 695 novam
770 651 903 714 eamque
924 632 1042 713 miram
1062 632 1159 698 addat
1180 632 1229 698 vi·

140 733 394 822 tuperationem',
428 757 523 818 quam
547 757 584 800 eo
607 734 714 800 refelli
736 735 884 800 existimo
908 737 994 821 quod
1016 737 1151 812 alterum
1176 760 1229 804 ca-

139 844 199 929 put
232 862 300 906 non
333 839 374 904 ad
406 840 590 905 universam
612 840 793 905 Domitiani
822 840 988 906 saevitiam
1010 843 1065 908 sed
1086 847 1227 909 atrocem

139 947 210 1012 eius
231 947 268 1010 in
290 944 507 1011 clarissima
497 945 631 1029 ingenia
661 966 836 1028 omnesque
859 944 961 1010 bonas
983 949 1069 1012 artes
1090 947 1229 1013 crudeli-

141 1052 244 1115 tatem
275 1030 499 1116 illustrandam
532 1050 746 1134 compositum
780 1052 840 1114 est.
864 1048 1048 1115 -Pluris
1080 1050 1227 1118 iacienda

141 1157 217 1221 sunt
238 1177 320 1240 quae
341 1155 396 1221 ille
421 1156 497 1220 cont
497 1175 533 1219 ra
554 1153 684 1220 verba
674 1176 717 1218 ιιι
740 1154 917 1219 comitio
940 1174 984 1219 ac
1006 1154 1101 1221 foro
1130 1179 1227 1242 argu·

137 1263 320 1340 mactatur,
355 1259 472 1344 quibus
494 1279 561 1323 uon
583 1257 688 1322 habeo
713 1257 790 1341 quid
814 1258 1035 1341 respondeam.
1080 1258 1165 1325 Nam
1187 1282 1225 1326 ea

135 1364 221 1429 ratio
246 1384 312 1448 qua
333 1361 542 1428 Woelfflinus
566 1361 680 1425 Philol.
704 1360 824 1440 XXVI,
850 1362 910 1427 137
944 1384 1094 1428 excusare
1116 1364 1225 1430 studet

137 1466 313 1532 lectionem
334 1461 481 1532 codicum
502 1465 543 1530 ad
564 1464 741 1530 tollendam
754 1464 958 1552 Peerlkampi
978 1468 1224 1549 dubitationem,

139 1592 237 1656 quam
270 1570 390 1636 iustam
412 1591 479 1636 esse
500 1570 570 1655 ipse
593 1569 647 1643 ille
677 1571 839 1654 agnoseit,
873 1592 941 1635 non
975 1571 1122 1640 sufficere
1144 1574 1225 1639 mihi

139 1676 283 1755 videtur,
318 1675 396 1761 quia
426 1697 501 1740 curn
535 1674 600 1739 alia
633 1696 715 1760 quae
749 1676 845 1741 affert
866 1677 1012 1761 exempla
1034 1679 1136 1743 nostri
1156 1700 1224 1745 non

140 1781 218 1846 satis
239 1781 358 1846 similia
380 1783 457 1846 sunt
478 1783 548 1845 tum
574 1778 663 1846 Plini
696 1781 777 1846 illud
812 1781 949 1846 »colitur
970 1782 1050 1846 ficus
1071 1783 1167 1873 arbor
1188 1784 1224 1848 in

140 1884 211 1951 loro
243 1886 316 1970 ipso
347 1906 384 1952 ac
407 1886 540 1951 comitio
562 1885 685 1951 Romae
708 1889 803 1950 nata«
828 1885 933 1970 ipsum
954 1908 1027 1952 eum
1050 1909 1145 1972 quem
1166 1889 1225 1952 fla·

140 1991 223 2077 gitat
243 1990 449 2077 Peerlkamp.
471 1991 645 2057 verborum
667 1991 812 2056 ordinem
835 1990 1031 2076 exhibet⁴⁸);
1061 1984 1223 2077 nequent

136 2097 205 2164 sine
234 2095 302 2162 ulla
335 2097 487 2162 cautione
519 2117 580 2160 nec
613 2095 790 2179 quidquam
820 2096 882 2160 nisi
904 2096 1009 2161 verbis
1030 2097 1224 2162 sententiam

136 2224 252 2269 ornare
274 2203 441 2268 curantem
462 2201 603 2266 iunxisse
627 2199 775 2267 Tacitum
804 2200 878 2265 illos
900 2200 1060 2265 ablativos
1081 2203 1223 2268 statuam

137 2306 252 2372 adduci
273 2328 414 2392 possum.
460 2304 568 2370 Minus
590 2307 689 2372 etiam
711 2305 877 2392 probanda
899 2308 948 2371 est
969 2307 1022 2370 ιιι
1043 2328 1140 2392 quam
1156 2306 1222 2373 Ito-

136 2410 229 2476 thius
249 2411 413 2496 ingressus
435 2411 608 2477 convertit:
634 2410 712 2476 »auf
731 2411 804 2477 dem
826 2411 938 2476 Platae
960 2409 1013 2487 ιιι
1034 2411 1085 2475 die
1109 2410 1223 2476 Wahl·

136 2514 349 2600 handlungen
370 2515 428 2580 auf
454 2516 526 2581 dem
548 2515 701 2582 Forum«.
756 2516 873 2601 Itaque
904 2518 962 2580 aut
994 2516 1222 2581 commutanda

138 2618 201 2685 duo
224 2619 354 2683 nomina
371 2624 433 2685 ‘aut
453 2620 606 2687 delendas
627 2642 721 2686 voces
754 2641 798 2685 ac
826 2619 914 2685 foro
936 2620 995 2707 (sic
1017 2619 1222 2688 Gutmannus

136 2723 171 2788 in
193 2724 407 2790 translatione
429 2726 606 2810 enuntiati)
628 2726 778 2802 arbitror,
803 2726 944 2811 priorem
965 2727 1222 2792 emendationem

135 2830 173 2894 ut
194 2828 338 2894 ubertati
360 2831 461 2895 totius
480 2830 544 2895 loci
566 2831 669 2915 magis
690 2830 963 2899 accommodatam
985 2830 1183 2923 praeferens.

168 2964 171 2969 ’
221 2935 393 3001 Scilicet
414 2979 570 3000 ........
628 2934 676 2999 Ea
698 2935 927 3001 coniunctione
950 2934 1080 3000 Tacitus
1102 2935 1137 3000 in
1160 2918 1259 3001 hoc⁰

135 3037 219 3104 libro
241 3039 348 3104 tribus
369 3038 517 3104 locist
480 3061 501 3103 u
502 3040 599 3104 titurz
632 3060 659 3105 c.
683 3043 720 3119 2,
744 3041 779 3119 4,
805 3043 856 3119 12,
888 3061 1046 3125 nusquam
1077 3041 1112 3105 in
1135 3041 1222 3106 Dial.

136 3147 193 3209 aut
214 3141 322 3210 Germ.
355 3142 412 3228 (ci.
437 3142 526 3209 Suet
550 3141 621 3209 Tib.
645 3146 704 3223 22·
738 3145 816 3211 Ner.
840 3147 892 3226 39,
916 3147 976 3224 40;
985 3145 1108 3242 Vesp
1130 3147 1161 3226 2,
1184 3145 1222 3224 7,

135 3247 175 3338 de
197 3269 247 3333 gr.
261 3250 276 3312 1
282 3248 351 3333 ,;4)
374 3247 507 3334 perinde
529 3251 664 3334 excepto
687 3271 751 3314 uno
775 3253 809 3314 et
829 3251 907 3316 Dial
938 3250 978 3337 (c.
995 3249 1049 3334 19)
1070 3258 1103 3315 et
1114 3249 1221 3315 Germ

137 3353 177 3437 (c.
191 3352 246 3438 37)
268 3353 339 3419 loeo
364 3352 542 3438 particulae
564 3373 727 3436 namque
750 3358 784 3418 et
805 3359 946 3438 quippe
969 3356 1041 3418 in
1027 3352 1221 3438 Agricola«

134 3458 231 3523 modo
254 3462 294 3542 (e.
307 3459 337 3534 4,
363 3459 413 3536 11,
442 3458 489 3535 15,
515 3458 566 3535 19,
591 3459 643 3537 21,
668 3459 727 3536 23;
752 3461 781 3536 3,
808 3463 837 3540 7,
859 3459 916 3542 44)
937 3457 1220 3543 extant(cf.Suet.

134 3561 220 3648 Aug.
243 3563 275 3640 3,
300 3563 351 3643 27,
375 3564 456 3639 933
468 3560 1036 3642 Tib.12‚62;0a1.14;Ner.7;
1064 3560 1158 3627 Galb.
1181 3562 1221 3639 5;

205 3779 253 3851 47)
274 3778 447 3850 Significat,
466 3797 636 3853 magnopere
649 3779 867 3837 dolendum...
913 3796 1026 3850 per
1027 3797 1105 3836 ιιιι
1144 3781 1222 3849 Quae

134 3867 250 3923 dolendi
267 3868 311 3923 ιιι
330 3869 424 3924 nescio
442 3887 479 3926 an
497 3872 536 3926 eti
527 3889 585 3926 ram
602 3869 715 3942 passiva
734 3870 824 3926 forma
843 3871 1049 3925 urerentur
1052 3869 1151 3926 eadem
1169 3889 1220 3927 nu·
1230 3860 1235 3867 ’

133 3957 286 4013 merosiore
305 3974 437 4029 expressa
456 3959 502 4013 sit.

206 4047 257 4118 48)
272 4045 353 4103 Idem
371 4045 422 4116 qui
440 4046 495 4113 hic,
514 4064 612 4104 verum
629 4065 661 4102 ιιι
670 4048 783 4106 drversa
792 4048 876 4120 plane
886 4049 1010 4105 senten
1000 4067 1037 4116 1,a
1057 4051 1137 4107 extat
1146 4049 1223 4122 apud

137 4135 253 4193 Sueton.
273 4135 351 4193 Caes.
372 4138 417 4192 10·
445 4135 582 4192 Aedilis
607 4139 756 4206 praeter
774 4139 961 4194 comitium
980 4156 1018 4194 ac
1036 4139 1149 4194 forum
1168 4141 1223 4196 ba·

134 4225 338 4297 cilicasque
356 4228 465 4284 etiam
485 4225 709 4297 Capitolium
728 4228 875 4285 ornavit
892 4227 1111 4300 porticibus.

942 4331 968 4388 ‘b
