2730 4650
695 241 716 307 4

169 415 257 480 illius
286 414 401 479 saltem
431 410 672 479 obseruationes
702 435 782 498 quas
803 415 825 478 l.
848 414 870 478 l.
894 411 929 477 in
953 408 1093 480 modium
1115 410 1256 498 protulit

169 518 557 605 diligentercognoscere
579 521 676 601 atque
700 519 879 584 exscribere
903 541 968 584 non
991 515 1256 584 omisilectitavi-

171 644 233 707 que
255 626 415 707 quotquot
437 623 477 688 ad
502 622 727 706 ›Agricolam‹
759 624 920 707 pertinere
949 623 1033 688 idem
1056 622 1258 687 demonstra-

170 728 228 791 vit.
272 726 352 792 Cum
374 726 436 791 hac
459 729 614 791 sermonis
636 726 761 791 Tacitei
790 731 907 792 natura
936 731 1006 792 arte
1034 727 1187 791 cohaeret
1207 725 1260 788 in-

171 831 301 897 condita
330 831 387 895 illa
419 850 457 895 ac
490 830 579 895 rudis
613 852 676 895 uox
710 836 860 896 excusa-ta
888 830 1042 896 aTacito
1067 852 1137 915 cap.
1160 831 1180 893 3
1203 850 1260 893 ex-

170 938 291 1013 tremo,
324 956 421 1018 quam
448 940 523 1020 post
544 935 685 999 incertas
708 936 926 1020 interpretum
949 935 1180 1019 explicationes
1201 954 1258 998 ac-

170 1042 280 1104 curate
313 1039 460 1104 delinivit
483 1037 692 1104 Woelfflinus
725 1039 886 1124 explicato
920 1038 1068 1124 planius,
1105 1037 1139 1101 id
1170 1036 1258 1121 quod

171 1144 346 1210 omiserant
367 1143 565 1229 superiores,
589 1143 746 1208 adiectivo
769 1143 872 1207 rudi.
919 1141 1017 1207 Cuius
1039 1143 1105 1207 vim
1127 1140 1259 1205 Wexius

171 1269 244 1315 cum
275 1248 419 1314 minoris
439 1246 587 1324 duceret,
619 1247 718 1311 verba
750 1247 818 1312 vel
851 1247 1067 1312 incondita
1099 1260 1142 1310 ac
1163 1244 1257 1311 'rudi

174 1373 270 1419 voce
298 1351 338 1416 ad
369 1351 470 1415 solam
494 1350 646 1415 eximiam
668 1372 750 1434 quae
772 1351 807 1414 in
829 1351 939 1416 animo
960 1349 1065 1414 Taciti
1085 1349 1258 1414 insedisset

170 1457 326 1523 historiae
358 1456 498 1540 speciem
530 1476 568 1520 ac
600 1454 739 1520 sormam
761 1459 908 1541 spectare
941 1476 1135 1540 prorsusque
1158 1473 1261 1537 sper-

171 1560 311 1627 nendam
330 1560 636 1644 ,interpretationem
647 1558 853 1625 Woltmanni
868 1559 1004 1636 censuit,
1027 1559 1084 1643 qui
1107 1556 1256 1623 Tacitum

171 1664 314 1733 nondum
337 1666 414 1729 satis
436 1664 477 1728 ad
500 1663 668 1728 historiam
690 1664 891 1728 scribendam
912 1663 1124 1729 exercitatum
1144 1664 1178 1726 et
1199 1683 1260 1746 pa-

170 1772 279 1834 ratum
300 1788 359 1833 nec
382 1767 497 1831 miram
525 1767 656 1832 illorum
685 1767 857 1832 verborum
879 1767 1103 1833 verecundiam
1125 1766 1188 1833 sibi
1210 1766 1259 1832 vi·

171 1863 247 1939 deri
262 1872 400 1948 diceret3
434 1892 534 1954 quare
556 1871 625 1955 ipse
646 1873 878 1956 interpretatus
900 1874 967 1936 est:
1002 1893 1099 1937 »voce
1132 1893 1214 1956 quae
1236 1893 1257 1935 a

171 1998 246 2043 vera
268 1977 346 2040 artis
370 1975 544 2040 historicae
566 1973 669 2042 forma
692 1996 729 2040 ac
745 1975 942 2060 perfectione
964 1977 1086 2041 abest«
1133 1976 1180 2041 At
1195 1975 1260 2040 Ta-

172 2081 256 2148 citus
276 2080 380 2164 ipsam
402 2101 500 2162 quam
514 2080 548 2145 in
561 2080 733 2145 annalibus
754 2081 830 2144 stilo
852 2070 981 2147 effinxit
1002 2080 1156 2146 historiae
1168 2101 1258 2144 com-

172 2184 339 2272 ponendae
361 2184 500 2268 speciem
523 2182 696 2268 perlectam
709 2187 864 2250 nonante
884 2186 1004 2270 viginti
1024 2206 1127 2249 annos
1150 2184 1258 2249 animo
1341 2183 1343 2187 ⁴

172 2311 210 2357 ac
231 2290 339 2353 mente
361 2289 522 2372 concepit,
558 2291 615 2352 aut
640 2311 681 2353 ne
710 2290 745 2352 in
767 2290 913 2374 argutias
934 2289 1051 2355 nimias
1081 2289 1222 2355 incidam
1232 2285 1258 2370 2)

172 2399 243 2462 tum
276 2391 359 2457 nihil
389 2392 477 2466 aliud
504 2393 566 2457 nisi
588 2393 666 2476 quid
687 2394 722 2456 in
744 2394 835 2459 brevi
856 2416 893 2460 uc
918 2415 1028 2460 severo
1051 2394 1179 2460 dicendi
1201 2413 1259 2477 ge·

172 2585 267 2658 giessu.
285 2602 311 2638 a.
329 2583 440 2654 Zweige
458 2581 508 2638 der
526 2582 849 2642 Naturwissenschafteu
866 2584 1016 2656 geuinnen
1033 2584 1096 2640 ihre
1110 2585 1257 2640 Resultate

172 2688 301 2729 nuraue
319 2663 542 2737 langjdhrigen
550 2675 909 2738 Beobachtungen....‹.
945 2674 1068 2730 Facilius
1079 2673 1195 2742 quidem
1206 2690 1267 2742 nec

173 2764 271 2837 paucis
289 2763 399 2836 gratius
418 2764 462 2819 est
482 2762 620 2819 »nondum
633 2767 777 2835 comperta
791 2765 955 2835 eloquentia
968 2765 1143 2836 percolere‹;
1162 2780 1261 2833 quare,

172 2856 207 2910 ut
224 2853 336 2926 Spittae
361 2851 432 2923 (»De
450 2852 544 2908 Taciti
567 2852 598 2907 in
622 2853 821 2924 componendis
845 2852 1001 2909 enuntiatis
1024 2853 1166 2920 ratione,‹
1194 2851 1260 2906 dies.

174 2942 304 3014 Gotting.
317 2959 344 2998 a.
365 2942 443 3007 1866,
462 2959 491 3012 p.
504 2941 533 3013 2)
551 2941 720 3010 verbisutar,
741 2942 849 2998 »multe
866 2941 897 2997 in
915 2943 1061 2998 hominum
1080 2959 1127 3000 ore
1141 2942 1261 2999 circum·

173 3032 316 3096 feruntur,
344 3047 417 3100 quae
436 3029 565 3098 quamvis
583 3030 615 3085 in
632 3030 797 3088 universum
813 3032 892 3088 recta
909 3030 983 3098 rint,
1007 3033 1105 3089 tamen
1123 3033 1184 3088 tarn
1201 3032 1263 3086 late

173 3123 290 3191 patent,
317 3121 351 3174 ut
368 3136 457 3174 suum»
468 3118 570 3188 cuique
588 3137 701 3176 sensum
718 3120 754 3175 iis
773 3120 892 3177 subdere
910 3121 1021 3188 limata
1055 3182 1058 3188 ,

245 3211 273 3282 2)
293 3209 424 3267 Ceterum
442 3207 500 3266 rid
519 3226 592 3277 quae
611 3210 685 3266 Dial.
703 3227 727 3265 c.
747 3210 782 3265 22
805 3210 841 3266 de
860 3211 1002 3268 Ciceronis
1029 3211 1066 3266 iis
1084 3210 1260 3268 orationibus

174 3299 308 3355 dicuntur
328 3314 415 3367 »quas
432 3296 491 3352 iam
509 3297 602 3354 senior
620 3300 651 3354 et
664 3298 750 3370 juxta
769 3299 853 3356 finem
871 3301 949 3357 ritae
968 3301 1140 3372 composuit,
1162 3300 1192 3354 id
1210 3300 1261 3364 est,

175 3389 328 3461 postquam
344 3386 437 3458 magis
454 3386 614 3457 profecerat
639 3403 765 3452 usuque
789 3391 824 3444 et
846 3389 1078 3455 experimentis
1101 3378 1260 3445 didicerat

176 3481 263 3544 quod
273 3465 433 3542 optimum
444 3477 574 3532 dicendi
580 3491 683 3542 genua
694 3478 876 3536 esset«.Nec
884 3478 960 3535 enim
968 3494 1067 3535 vereor
1076 3493 1112 3533 ne
1123 3476 1188 3546 quis
1198 3492 1261 3533 eam

176 3584 249 3638 quae
261 3583 277 3623 e
288 3584 350 3637 cap.
362 3583 423 3637 sup.
436 3583 516 3637 prox.
528 3567 629 3622 reterri
638 3567 694 3622 huc
704 3567 794 3638 possit
804 3567 976 3625 seutentiam
987 3568 1025 3622 ut
1037 3566 1131 3622 scias
1148 3566 1262 3636 ipsum

176 3698 183 3712 .
203 3695 211 3714 .
229 3697 237 3714 .
256 3696 264 3712 .
283 3655 442 3714 defuisse
460 3657 558 3714 contra
576 3657 682 3723 madet,
702 3657 809 3729 quippe
827 3675 915 3727 quam
931 3672 988 3712 uon
1005 3672 1073 3712 raro
1084 3648 1191 3710 indicio
1207 3654 1264 3709 niti

175 3746 227 3828 sed
242 3747 280 3804 ab
299 3746 377 3820 Apro
396 3746 473 3825 omni
491 3746 581 3823 animi
604 3747 732 3817 »impetu
749 3748 893 3804 saeculum
910 3763 991 3802 auum
1011 3743 1197 3803 defendente«
1217 3761 1264 3802 cu·

178 3834 274 3907 pidius
290 3836 388 3891 fictam
406 3853 466 3890 esse
485 3834 552 3891 inde
570 3836 708 3906 appareat
726 3834 815 3904 quod,
833 3852 898 3891 cum
916 3833 976 3890 aine
994 3833 1109 3906 ingenio
1127 3835 1178 3890 aut
1195 3833 1264 3889 riri·

176 3924 231 3981 hur
247 3941 284 3980 ne
301 3924 493 3981 accusationes
517 3924 634 3993 quidem
657 3924 688 3979 in
707 3923 854 3981 Vatinium
873 3924 975 3981 Calvus
999 3924 1106 3981 habere
1128 3923 1263 3995 potuerit,

178 4014 268 4074 exiis
287 4030 361 4082 quae
379 4015 554 4071 antecedunt
570 4015 648 4070 recte
666 4014 836 4086 colligatur:
856 4055 864 4070 .
883 4055 891 4071 .
910 4054 917 4070 .
936 4030 989 4072 nec
998 4013 1057 4086 ing.
1076 4014 1103 4070 ci
1121 4014 1172 4069 aut
1189 4012 1265 4068 vires

181 4145 215 4167 ,.
236 4145 244 4160 .
263 4143 271 4159 .
288 4102 338 4159 sed
355 4104 531 4160 voluntatem
550 4103 757 4174 (diligentiam,
776 4122 886 4171 curam,
905 4105 1046 4170 laborem,
1066 4102 1266 4171 constantiam)

180 4195 309 4252 defuisse.
