2730 4650
658 248 700 312 37

137 421 287 486 000000
307 416 584 484 infirmitatis
605 416 800 484 humanae
822 449 865 476 =
887 416 1060 488 secundum
1082 424 1145 509 (001
1168 422 1221 510 000)

136 529 296 604 naturam,
319 525 444 591 illustre
467 527 500 589 00
522 525 563 588 ab
579 522 811 611 interpretibus
834 525 916 592 male
938 527 1092 593 omissum
1114 551 1221 594 exem·

137 634 226 721 plum
248 630 409 696 liberioris
429 651 505 695 usus
516 630 650 694 ablativi
662 630 806 709 causalis,
829 631 868 695 de
891 653 954 716 quo
978 632 1013 696 in
1035 634 1220 703 uuiversum

138 737 289 805 disseruit
311 733 451 801 Rothius
471 757 537 801 exc.
563 736 604 800 14
626 734 723 819 (0001.
748 736 903 822 Draeger.
925 741 954 821 ς.
978 738 1049 821 64).

222 841 396 928 Ingenia
417 836 740 908 -00000000010
784 840 916 908 Minime
940 843 1020 908 10000
1042 842 1221 912 desiderare

138 947 412 1034 comparationem
434 948 520 1011 recte
542 946 671 1031 quidem
684 947 761 1012 dicit
774 945 1025 1034 Peerlkampius,
1048 949 1100 1014 cui
1123 949 1221 1032 etiam

137 1057 174 1121 in
204 1074 242 1119 eo
274 1053 486 1117 assentiamur
518 1051 604 1137 quod
632 1052 781 1117 omnibus
803 1053 945 1118 numeris
967 1075 1039 1118 0000
1060 1075 1141 1140 quae
1163 1054 1221 1120 fiat

140 1153 320 1225 absolutam
342 1180 410 1224 esse
433 1159 550 1243 negat3
580 1157 635 1222 sed
658 1159 830 1243 propterea
852 1180 918 1224 non
940 1159 1017 1224 lieet
1037 1146 1221 1245 suspectare

137 1265 292 1333 continuo
323 1263 422 1330 verba
449 1265 493 1327 ut
517 1283 694 1348 0000000
718 1298 759 1313 -
783 1263 1108 1349 extinguuntur.
1154 1263 1222 1330 Ne·

137 1393 200 1458 que
222 1370 309 1436 enim
336 1369 441 1434 omnis
464 1368 663 1453 comparatio
687 1370 737 1433 est
759 1370 926 1453 aequatio,
957 1390 1017 1435 nec
1038 1370 1065 1434 si
1088 1372 1222 1437 conten·

138 1478 260 1543 duntur
282 1475 363 1541 duae
385 1495 455 1554 res,
488 1495 599 1539 omnes
630 1495 740 1538 earum
763 1477 873 1560 partes
895 1476 1135 1542 accuratissime
1157 1475 1220 1543 sibi

66 1658 88 1686 r
137 1581 330 1669 respondere
353 1601 478 1665 semper
500 1600 628 1645 necesse
651 1581 709 1645 est.
755 1577 940 1656 Quaerere
964 1582 1003 1647 de
1024 1583 1134 1648 ordine
1150 1605 1222 1648 ver·

137 1680 253 1753 borum
275 1687 318 1751 in
328 1686 452 1771 genia
475 1685 696 1772 studiaque
717 1686 758 1751 ab
781 1686 837 1750 1110
861 1687 1032 1767 adduntur,
1055 1687 1222 1772 001010·

137 1816 208 1861 sum
240 1791 439 1859 contrarium
471 1811 623 1856 conversa
653 1813 720 1856 non
750 1792 856 1856 minus
883 1792 1220 1887 000000100000000100

137 1903 233 1985 atque
257 1919 295 1962 00
317 1918 413 1981 quam
424 1896 562 1982 legimus
572 1897 753 1963 vocabuli
743 1897 914 1983 ingenia-
936 1882 1106 1963 0011000010
1122 1896 1221 1962 etiam

137 2007 213 2094 quia
241 2005 312 2072 0001
344 2024 521 2088 0000000
552 2003 586 2068 id
616 2003 794 2089 opponitur
815 2005 873 2089 apt
873 2003 981 2069 issima
1004 2006 1062 2069 000.
1088 2001 1221 2068 -No-

138 2113 245 2180 tiones
266 2109 402 2176 inertiae
426 2110 460 2173 00
481 2108 635 2190 desidiae,
666 2130 743 2174 saue
765 2108 836 2174 illas
859 2112 936 2174 cont
937 2109 1028 2194 ignes
1049 2093 1147 2194 atque
1168 2129 1222 2174 cc·

137 2219 271 2304 gnatas,
305 2216 393 2280 certo
427 2214 565 2297 quodam
597 2213 661 2279 fine
684 2214 737 2280 hic
759 2214 902 2310 separari
923 2217 1044 2280 temere
1065 2217 1145 2300 0000
1168 2234 1222 2279 ex·

137 2321 306 2409 probrasse
328 2319 607 2405 Peerlkampium‚
647 2319 704 2404 qui
733 2320 819 2385 idem
852 2320 934 2385 miro
965 2320 1060 2385 modo
1083 2319 1221 2386 alterum

137 2413 299 2492 enuntiati
330 2424 493 2510 sequentis
523 2424 702 2490 membrum
732 2426 773 2491 ab
802 2426 905 2491 altero
935 2425 1074 2512 pendere
1094 2426 1220 2508 statuit,

138 2517 333 2617 quamquam
362 2533 400 2594 ut
431 2529 591 2615 posterius
623 2552 641 2596 e
675 2531 780 2617 priore
803 2534 957 2618 sequatur
978 2533 1107 2596 tautum
1129 2531 1221 2596 abest

138 2624 175 2702 ut
198 2636 293 2702 ambo
315 2657 373 2723 per
393 2656 427 2700 se
449 2635 667 2721 intellegenda
690 2631 822 2702 eandem
848 2637 1043 2702 sententiam
1053 2633 1092 2722 11)
1116 2636 1222 2702 diver-

137 2741 308 2808 0100001010
331 2742 529 2827 exprimant:
553 2729 648 2807 00001
670 2742 743 2827 quis
765 2742 919 2808 interiore
941 2764 1027 2809 nexu
1048 2743 1220 2809 cohaerere

137 2869 175 2913 00
195 2847 285 2927 00110,
308 2847 389 2911 illud
413 2847 547 2933 primo
562 2848 609 2912 ita
625 2847 778 2933 explicari
791 2850 824 2912 00
845 2869 937 2934 00000
960 2851 993 2913 00
1015 2848 1132 2914 debere
1154 2870 1221 2914 000

137 2951 272 3051 negabit
294 2954 332 3015 ut
354 2951 528 3036 significet:
551 2953 736 3018 extentis
759 2952 1110 3030 (1001(1100001010,
1134 2951 1221 3041 quud

137 3043 268 3177 puidam
289 3056 404 3122 incidit
432 3057 527 3123 simul
549 3058 737 3145 priusquam
766 3059 901 3124 inertiae
924 3059 1089 3125 dulcedo'
1079 3080 1223 3146 irrepere

136 3162 281 3248 10010100
336 3160 482 3248 Sequeut
483 3185 534 3229 em
556 3163 763 3250 Peerlkampi
784 3165 1096 3249 argumentationem
1119 3164 1222 3231 subti·

135 3266 250 3332 liorem
272 3269 525 3354 severioremque
559 3290 595 3334 00
626 3269 753 3354 01000
744 3291 876 3355 0000000
898 3269 936 3334 de
958 3268 1130 3355 Agricolae
1152 3291 1222 3335 mo·

134 3372 224 3437 ribus
240 3394 323 3457 quae
336 3394 363 3438 0.
374 3378 406 3459 b,
418 3375 440 3439 4
451 3360 701 3452 0041040100ηο
702 3397 741 3439 00
763 3375 970 3439 omittentem
992 3375 1128 3466 refutari
1149 3396 1217 3439 000

137 3480 284 3564 0000000;
324 3479 435 3574 eodeni
470 3478 537 3544 fere
571 3478 641 3544 iure
673 3494 738 3565 quo
770 3478 852 3543 illud
876 3477 1049 3555 »Quamvis
1070 3478 1155 3543 00100
1179 3515 1219 3528 -

137 3574 265 3650 ederet«
290 3583 329 3648 ad
352 3583 469 3670 0010010
491 3583 579 3680 00010
564 3583 726 3648 tverbais
757 3583 1009 3704 adempto-
1031 3603 1220 3649 commer-

135 3688 196 3788 010
219 3691 375 3785 annotare
397 3710 440 3775 00
441 3689 523 3755 tutt:
548 3674 678 3768 ›Fals03
701 3688 846 3775 quamvis
869 3689 955 3755 euim
978 3691 1087 3775 aperte
1102 3690 1218 3770 dicere,

137 3813 219 3878 qnae
240 3780 313 3877 quis
335 3794 481 3874 00001000,
504 3795 710 3882 0001100000,
730 3798 840 3861 tamen
853 3795 1060 3883 secumloqui
1070 3795 1219 3861 licebat.
1268 3805 1270 3808 ’

137 3894 287 3962 Ceterum
309 3896 372 3962 vid.
396 3920 478 3983 quae
501 3845 729 3987 Nipperdeyris
760 3901 808 3968 ed.
831 3902 939 3966 00001.
963 3924 995 3988 0.
1017 3900 1098 3968 VIII
1120 3909 1153 3966 et
1174 3899 1223 3967 IX

208 4125 254 4219 00)
273 4143 400 4202 simiam
419 4143 479 4200 00
496 4143 626 4212 invenus
643 4162 667 4201 0.
686 4145 721 4202 00
732 4146 758 4204 4.
780 4176 813 4190 -
832 4149 874 4206 00
891 4150 979 4206 000
997 4146 1136 4206 anaema
1153 4147 1212 4206 00

137 4233 560 4304 nummulariam.
832 4241 834 4245 >
