2730 4650
668 265 711 351 to

146 442 349 521 enuntiatum
373 457 593 523 condicionale
614 460 655 522 ui
676 494 720 504 -
742 460 998 522 coercuisset.
1041 455 1091 522 De
1115 447 1237 539 quibus

146 562 174 625 si
195 563 361 646 egregiam
384 563 635 646 disputationem
657 561 753 626 Waxi
776 563 823 627 ed.
838 585 869 647 p.
882 564 1010 628 37-42
1034 561 1106 629 coll.
1130 558 1237 625 Rothi

149 689 324 731 ›excursu‹
368 666 473 732 XXIX
510 669 636 752 legeris,
670 668 838 733 miraberis
884 690 960 733 sane
1009 668 1095 752 quod
1146 665 1239 751 apud

146 772 344 856 Draegerum
378 774 413 836 in
446 773 474 856 ἕ.
499 772 612 858 19467)
641 773 739 836 talem
773 775 900 838 invenis
924 775 1125 858 singulorum
1160 771 1236 855 qui·

147 879 207 941 bus
240 879 423 962 imperfecti
458 900 517 962 pro
550 879 756 944 coniunctivo
784 880 978 944 indicativus
1012 879 1144 964 ponitur
1186 877 1238 941 lo-

94 1069 97 1074 ·
147 1004 256 1049 corum
289 984 546 1068 dispositionem:
616 984 701 1048 »Das
736 985 911 1071 Imperfect
952 984 1140 1050 bezeichnet
1178 1003 1236 1067 ge·

146 1087 310 1153 wbhnlich

233 1194 265 1277 a)
289 1195 340 1260 die
362 1196 582 1261 Wirldichkcit
615 1195 702 1261 einer
725 1193 902 1280 Handlung
940 1195 1016 1260 oder
1049 1196 1137 1260 eines
1171 1193 1237 1258 Zu-

146 1299 293 1375 standes3

234 1404 270 1486 b)
294 1403 345 1467 die
367 1406 654 1488 Pfliohtrnassigkeit
675 1406 740 1470 und
755 1407 956 1488 Mtgliohkeit
977 1405 1033 1469 der
1055 1403 1236 1489 Handlung

147 1506 318 1592 (exemplis
340 1508 371 1572 11.
395 1509 415 1572 1.
441 1511 543 1574 utitur
567 1532 639 1574 curn
662 1511 735 1574 aliis
764 1515 833 1573 tum
856 1511 923 1574 his:
959 1532 1032 1576 ann.
1055 1514 1073 1574 5
1095 1512 1135 1574 26
1169 1510 1236 1574 de·
1301 1568 1305 1573 .

148 1612 334 1690 bebatnr3
357 1613 432 1678 hist.
448 1619 468 1680 4
487 1618 525 1680 19
548 1616 724 1700 opprimi
746 1617 971 1699 poteranti).
1018 1614 1132 1679 Melius
1155 1618 1235 1679 san's

147 1716 211 1781 fnit
231 1720 432 1803 acquiescere
453 1722 488 1783 in
512 1721 704 1785 excribenda
727 1721 925 1785 Boettichari
958 1721 997 1785 ad
1020 1720 1234 1784 indicativum

146 1826 358 1889 annotatione
385 1827 482 1889 tertia
511 1826 611 1905 (lexic.
635 1849 666 1909 p.
691 1826 778 1908 255).
836 1826 889 1889 An
912 1847 978 1889 non
1001 1828 1086 1889 recte
1109 1825 1235 1909 pariter

147 1950 183 1994 ao
205 1931 373 2014 perspicue
397 1933 545 2015 exposuit
566 1929 702 1995 Wexins
725 1954 756 2015 p.
781 1931 839 1994 40:
876 1931 1008 1995 »modus
1040 1929 1235 1993 indicativus

147 2034 272 2097 indicat
309 2057 390 2118 qnae
424 2038 515 2113 sunt,
552 2037 686 2099 inservit
720 2036 818 2119 igitur
850 2035 1080 2119 significandae
1103 2033 1235 2097 veritati
1302 2070 1307 2081 ·

147 2139 213 2202 sive
254 2141 442 2204 certitudini
477 2163 503 2204 e.
537 2162 568 2225 q.
605 2142 676 2204 sc?
751 2139 859 2204 Aliam
900 2141 1000 2223 igitur
1044 2136 1232 2221 descriptio-

146 2265 220 2308 nem
243 2246 370 2328 generis
392 2246 485 2309 istius
497 2248 738 2310 enuntiatorum
760 2246 1030 2310 condicionalium
1054 2248 1235 2330 proponam

145 2349 180 2413 in
204 2372 337 2434 eamque
361 2352 448 2415 locos
471 2352 511 2415 ab
535 2351 768 2436 interpretibus
791 2353 906 2416 allatos
928 2351 1134 2428 distribuam,
1169 2371 1235 2433 qua

145 2456 180 2520 in
205 2477 240 2520 re
264 2477 360 2539 aegre
383 2455 452 2520 fero
475 2460 604 2540 praesto
628 2457 709 2521 mihi
731 2479 795 2521 non
820 2479 886 2521 esse
910 2454 1236 2520 P.Thom.Kremeri

146 2562 450 2627 commentationem
487 2563 545 2626 »de
589 2563 766 2626 enuntiatis
802 2563 1099 2626 condicionalibus«
1134 2561 1234 2646 (Aug.

146 2666 274 2732 Vindel.
297 2688 326 2730 a.
351 2666 450 2755 1863)
483 2668 573 2731 valde
605 2668 695 2731 illam
724 2668 765 2730 ab
789 2667 975 2732 hominibus
998 2667 1101 2733 doctis
1123 2666 1238 2731 lauda·

146 2777 224 2840 tam.
268 2769 352 2835 Mihi
375 2775 482 2835 autem
505 2772 552 2834 ita
573 2773 699 2837 videtur
721 2773 926 2836 statuendum
949 2794 1030 2837 esse:

234 2875 368 2941 »Modus
389 2878 581 2941 indicativus
604 2879 739 2942 inservit
760 2879 990 2963 significandae
1014 2876 1142 2941 veritati
1166 2877 1235 2942 sive

146 2983 364 3048 certitudini«
422 2981 456 3047 si
486 2983 557 3066 quis
587 2983 689 3067 igitur
709 2984 885 3048 indicativo
909 2983 1076 3068 praeteriti
1099 2980 1237 3046 alicuius

145 3090 259 3164 utitur,
284 3088 447 3172 significat
469 3110 506 3152 eo
519 3110 631 3154 revera
645 3089 768 3172 aliquid
780 3094 924 3174 ternpore
938 3088 1113 3173 praeterito
1136 3087 1237 3152 fuisse

146 3194 212 3258 sive
235 3193 358 3256 facturn
385 3215 462 3269 esse,
487 3215 515 3258 v.
529 3215 556 3262 c.
582 3195 672 3256 »turn
695 3216 746 3258 res
769 3193 935 3258 Romanae
959 3193 1096 3256 maxime
1118 3190 1239 3257 florue-

144 3387 261 3457 propter
290 3384 411 3456 perfecti
432 3383 552 3440 formam
575 3386 662 3454 atque
686 3403 805 3455 sequens
830 3383 1009 3441 enuntiatum
1036 3382 1240 3442 coniunctione

146 3494 212 3546 que
230 3475 387 3541 adnexum,
416 3475 522 3551 quippo
548 3476 651 3544 quibus
669 3476 706 3531 cd
725 3494 784 3531 rem
803 3477 948 3531 narratam
967 3474 1122 3530 orationem
1142 3474 1240 3531 redire

146 3567 367 3632 demonstretur,
386 3567 490 3621 rectius
510 3566 625 3634 quidem
644 3566 681 3620 ad
699 3565 852 3621 studium
870 3565 997 3636 philos.
1017 3563 1136 3620 acrius
1156 3565 1240 3619 hau·

145 3658 234 3710 stum
254 3672 338 3724 quam
357 3655 394 3709 ad
412 3655 653 3710 vehementiorem
671 3673 792 3726 magnae
815 3655 999 3722 excelsaeque
1023 3653 1131 3726 gloriae
1150 3671 1241 3725 appe·

144 3746 277 3801 titionem
296 3745 347 3814 (sic
366 3744 426 3815 ipse
444 3745 657 3815 Peerlkampius
677 3745 709 3799 31
730 3745 774 3800 ed.
794 3746 869 3816 pag.)
895 3746 1030 3811 refertum
1058 3748 1186 3800 attamen
1207 3746 1241 3800 fi-

144 3854 231 3908 gurae
250 3853 284 3890 ea
302 3835 424 3890 mutatio
449 3835 518 3889 satis
542 3837 693 3891 excusatur
710 3834 862 3891 interiecta
880 3835 1021 3890 sententia
1040 3834 1184 3904 scilicet
1202 3862 1239 3874 -

145 3926 351 3997 appetebat

216 4018 262 4086 67)
283 4015 371 4080 Quam
390 4016 481 4070 totam
500 4015 620 4070 nimium
639 4014 809 4071 festinanter
833 4016 1021 4087 conscriptam
1041 4033 1099 4072 esse
1117 4011 1241 4087 colligas

144 4105 231 4163 etiam
251 4122 285 4160 ex
304 4105 348 4158 his
366 4104 446 4160 vitiis
464 4105 495 4159 iu
514 4123 570 4160 una
596 4123 660 4177 pag.
680 4108 714 4174 65
740 4105 918 4160 extantibus:
949 4123 1081 4161 versuum
1103 4106 1241 4161 101127

144 4198 264 4265 uterque
290 4196 388 4250 eadem
415 4196 500 4250 verba
524 4198 592 4267 Agr.
612 4197 688 4252 137
713 4195 843 4260 exhibet;
870 4194 901 4248 in
927 4195 1017 4259 isdem
1047 4199 1078 4251 ct
1104 4192 1242 4252 vicesimo

130 4301 215 4338 Versu
233 4285 438 4357 corrigendum
457 4287 515 4343 est:
535 4287 604 4358 Agr.
624 4287 657 4342 37
677 4284 839 4350 circumire3
859 4285 927 4356 Agr.
947 4286 982 4340 23
989 4307 996 4351 ;
1016 4286 1082 4340 hist.
1100 4286 1121 4338 4
1142 4287 1184 4339 19.
