2730 4650
529 280 577 361 χ
628 219 661 337 Δ’7

107 441 265 508 modestia
295 441 330 509 id
362 441 484 530 dictum
518 463 587 508 esse
613 443 746 508 minime
775 442 906 528 quidem
932 441 1042 527 potest
1063 441 1192 528 negari3

106 545 163 610 sed
183 568 225 612 ne
246 566 363 612 ranam
384 545 467 624 hanc
489 537 646 632 tantoque
678 549 747 613 viro
777 547 945 631 indignam
966 567 1036 637 esee
1057 546 1195 612 arbitre-

107 671 188 730 mur,
210 651 272 717 hoc
292 652 400 736 ipsum
421 652 713 718 nobis.tencndum
744 655 794 718 est
814 652 962 717 Tacitum
984 673 1001 716 e
1023 650 1192 717 scribendo

107 755 192 819 libro
215 775 280 839 quo
303 756 396 839 quasi
419 757 594 821 transitum
608 757 672 825 sibi
688 755 1026 845 muniveritaforenei
1046 755 1194 822 oratione

108 861 240 945 copiosa
261 863 359 944 atque
380 849 535 946 ornatal)
558 862 598 926 ad
621 861 792 928 historicae
805 861 956 927 dictionis
974 881 1077 945 genus
1097 881 1192 924 suum

108 965 273 1029 concisum
294 966 328 1045 et
348 965 501 1045 densum,
534 967 704 1051 cognitum
733 966 884 1032 habuisse
910 965 1064 1029 maiorem
1093 963 1192 1028 etiam

109 1068 172 1133 sibi
193 1090 275 1154 opus
297 1089 365 1135 esse
387 1071 667 1150 exercitationem,
699 1092 763 1155 qua
791 1071 899 1155 parari
920 1077 1024 1134 artem
1043 1069 1114 1153 ipse
1134 1087 1194 1133 no·

109 1173 160 1237 bis
189 1173 332 1238 affirmat
363 1171 471 1239 Germ.
493 1195 563 1260 cap.
586 1177 638 1239 24.
692 1174 799 1259 Atque
833 1175 1084 1239 consentaneum
1106 1173 1194 1237 este
1251 1251 1256 1259 Ι

110 1278 318 1342 contentione
345 1279 433 1343 iuter
458 1279 724 1345 consuetudinem
752 1279 896 1344 laetioris
924 1277 1116 1361 fusiorisque
1144 1275 1194 1341 di-

110 1381 202 1448 cendi
222 1381 345 1447 formae
377 1384 410 1448 et
438 1383 636 1450 revocandae
657 1384 726 1450 eius
747 1384 788 1449 ad
809 1383 970 1449 severiora
988 1381 1106 1447 iudicia
1125 1381 1194 1445 stu-

109 1485 200 1551 dium
220 1485 308 1550 faeta
333 1485 483 1552 vincente
513 1489 608 1552 modo
636 1487 697 1553 hoc
719 1488 815 1553 modo
837 1488 894 1552 illa
903 1485 930 1573 9)
952 1483 1114 1552 emanasse
1136 1484 1194 1550 du·

111 1590 198 1656 riora
218 1590 377 1655 nonnulla
398 1593 497 1675 etque
519 1594 678 1671 contorta,
701 1592 797 1676 idque
820 1614 858 1657 eo
879 1592 984 1677 magis
1005 1587 1195 1675 quodTaci·

110 1697 165 1760 tus
186 1716 254 1760 non
276 1696 351 1760 exili
373 1696 521 1762 ieiunare
544 1696 599 1762 sed
618 1697 711 1781 gravi
740 1700 773 1763 et
802 1696 934 1762 sublimi
954 1695 1095 1761 dictione
1116 1716 1194 1759 usus

112 1799 284 1884 grandium
306 1802 540 1866 sententiarum
561 1803 657 1887 copia
686 1799 1119 1892 crebrisqueeollationibus
1140 1800 1194 1865 de·

111 1903 248 1968 lactatus
270 1902 367 1982 est¹⁰)
390 1925 427 1968 ac
449 1903 610 1971 rhetorica
632 1905 712 1970 adeo
734 1927 801 1970 non
823 1906 937 1971 vitarit
948 1904 997 1990 11),
1019 1905 1057 1968 ut
1078 1926 1153 1968 eum
1175 1925 1195 1968 a

112 2008 271 2092 perversis
302 2009 481 2073 enuntiatis
515 2009 686 2095 pravisque
711 2010 840 2075 iudiciis
860 2010 1023 2075 interdum
1044 2009 1106 2073 sibi
1127 2030 1194 2074 non

112 2112 232 2177 cavisse
269 2111 417 2177 homines
447 2114 534 2178 docti
567 2112 830 2199 coarguerint12).
882 2112 952 2180 Nec
985 2135 1052 2179 non
1085 2116 1195 2178 extare

112 2216 193 2281 mihi
215 2216 366 2282 videntur
386 2218 423 2282 in
446 2217 637 2302 ›Agricola‹
661 2219 771 2303 plures
799 2219 862 2284 loci
888 2219 923 2282 in
945 2218 1062 2304 quibus
1083 2238 1195 2282 rocem

112 2341 180 2385 non
202 2321 280 2384 satis
300 2322 511 2406 compositam
534 2325 567 2386 et
588 2323 748 2390 excultam
766 2323 930 2408 possimus
941 2343 1125 2408 agnoscere,
1148 2323 1195 2384 at-

112 2445 175 2508 que
196 2425 323 2509 saepius
344 2447 441 2508 quam
463 2425 600 2504 fecerint
621 2428 777 2493 utendum
791 2427 891 2493 fuisse
914 2421 994 2513 puto
1017 2425 1195 2492 editoribus

112 2529 318 2594 excusatione
340 2529 507 2613 scriptoris
540 2533 574 2595 et
607 2531 851 2597 emendantibus
882 2535 915 2597 et
948 2529 1193 2616 explicantibus.

112 2631 201 2707 Quae
224 2633 332 2697 omnia
355 2653 421 2697 non
444 2634 640 2718 nequiquam
662 2657 682 2699 a
703 2657 754 2702 me
773 2637 918 2721 exposita
939 2657 1006 2701 esse
1028 2656 1101 2701 cum
1123 2633 1195 2718 plu-

111 2738 175 2802 ries
196 2736 322 2802 confido
349 2758 401 2802 me
433 2738 645 2823 probaturum
680 2742 751 2805 tum
777 2763 818 2805 ex
837 2743 908 2806 toto
931 2739 1138 2824 Peerlkampi
1158 2739 1195 2802 in

112 2840 230 2906 librum
263 2844 410 2907 nostrum
442 2845 673 2909 commentario
708 2847 854 2930 apparet.
913 2843 972 2909 Cui
993 2843 1114 2908 delenti
1137 2841 1195 2906 illa

113 2945 180 3012 rel
201 2945 418 3012 incondita
439 2967 483 3012 ac
505 2947 596 3012 rudi
618 2940 716 3014 voce
737 2947 888 3014 assentiri
909 2969 962 3012 me
983 2947 1074 3011 nullo
1098 2946 1193 3010 modo

185 3152 212 3222 8)
231 3152 305 3207 Nam
323 3153 452 3222 quamuis
478 3155 566 3211 etiam
586 3156 632 3210 »in
650 3156 741 3212 causis
756 3156 875 3228 agendis
893 3156 1034 3228 placuerit
1057 3155 1084 3212 ei
1103 3156 1195 3212 brevi·

112 3247 183 3311 tus«,
201 3246 298 3299 tamen
315 3244 457 3302 orationes
475 3246 536 3302 eius
554 3246 689 3302 historice
707 3263 835 3304 sermone
852 3246 969 3303 latiores
990 3245 1194 3315 liberioresque

111 3333 197 3389 fuisee
214 3350 314 3389 verum
331 3335 383 3390 est.
620 3406 621 3409 Ἴ
766 3377 769 3385 .
1131 3396 1134 3400 Α
1168 3398 1175 3409 ⁸

183 3424 211 3494 9)
230 3423 285 3479 cor.
303 3439 377 3493 quae
396 3423 431 3479 de
450 3423 613 3495 monymie
637 3426 711 3494 quae
736 3424 870 3480 dicuntur
887 3423 1029 3492 dictisque
1048 3421 1195 3479 abundan-

110 3512 187 3568 tibus
205 3513 383 3584 collegerunt
399 3513 455 3568 viri
473 3513 550 3569 docti
565 3512 796 3582 (Weinkauffius,
814 3512 948 3568 Huebner
965 3514 1041 3584 cet).

184 3602 228 3674 1⁰)
247 3602 313 3659 Vid.
338 3602 450 3657 Urlichs
472 3620 502 3672 p.
521 3602 546 3658 4.
591 3602 722 3658 Ceterum
745 3602 804 3657 iam
829 3600 1011 3672 ›Agricolae‹
1040 3601 1194 3672 pleraeque

109 3692 268 3748 sententiae
284 3693 404 3764 argutae
423 3691 550 3747 concisae
568 3708 681 3760 quoque
699 3704 733 3755 uc
753 3691 853 3747 breves
872 3692 954 3769 euqt,
977 3709 1005 3747 v.
1025 3689 1196 3761 cespitum

109 3781 136 3847 4,
155 3781 181 3847 8,
200 3781 235 3835 12
253 3784 409 3847 extremae;
434 3773 497 3851 oa‘p.
516 3783 532 3836 6
558 3781 680 3836 secunda
698 3781 729 3836 et
746 3781 863 3850 quarta3
892 3779 1022 3837 latiorem
1048 3781 1078 3839 et
1103 3778 1196 3850 magis

110 3869 203 3925 fusam
220 3869 326 3926 habeas
344 3888 369 3926 c.
387 3871 404 3926 3
422 3870 557 3925 natura
574 3871 696 3924 tam'en
714 3909 721 3924 .
741 3910 748 3923 .
767 3909 775 3924 .
794 3870 944 3924 amatur.
971 3896 976 3905 ·

182 3959 229 4030 11)
249 3957 322 4014 Vide
340 3959 428 4015 etiam
445 3957 591 4014 Huebneri
605 3957 828 4028 disputationem
845 3958 967 4016 Hermae
984 3959 1041 4016 vol.
1058 3957 1080 4014 Ι.
1098 3975 1127 4029 p.
1141 3952 1212 4013 446·

110 4050 141 4104 et
158 4047 221 4104 447.
610 4068 613 4075 ·
668 4056 670 4061 “
783 4048 789 4061 “

185 4137 229 4210 12)
247 4136 377 4193 Halmius
396 4135 508 4202 „Ueber
525 4133 619 4206 einige
638 4136 816 4192 conheverse
832 4123 944 4194 ¹Stellen
963 4136 1061 4192 iader
1079 4135 1210 4191 Germa-'-

113 4225 163 4282 niu
179 4227 230 4283 dee
247 4227 378 4284 'l'acituec
400 4242 428 4295 p.
448 4224 482 4281 18
499 4227 562 4294 sqq.
579 4223 771 4291 (Woelfflinue
788 4227 890 4284 Philol.
909 4223 1009 4294 XXVI,
1029 4225 1102 4298 158).
1125 4265 1129 4271 »
