2730 4650
660 322 702 388 23

136 498 186 565 illi
219 495 317 562 etiam
351 496 386 561 in
416 495 489 561 aliis
522 494 646 561 duabus
680 497 851 560 verborum
874 493 1169 560 constructionibus
1190 491 1224 560 et

136 603 227 688 ipse
258 601 391 686 quidem
421 601 468 667 ita
498 622 626 685 quoque
650 603 687 664 ut
709 600 777 665 sola
800 600 1012 666 collocatione
1034 601 1225 684 insignitum

137 728 194 771 nec
216 707 257 772 ad
281 707 496 793 possessivum
520 727 578 771 uec
604 705 645 770 ad
668 706 837 790 personale
863 707 950 789 quod
971 706 1083 775 dicunt
1105 725 1226 794 prono-

136 835 211 878 men
233 833 266 878 se
288 812 439 898 applicet,
462 810 550 896 quod
571 811 742 895 intellegas
765 833 805 875 ex
826 811 905 876 locis
928 811 969 876 ab
990 810 1224 896 interpretibus

135 917 188 985 hic
212 919 390 1021 congestis,
414 939 495 1005 quos
516 915 643 981 collatis
666 916 738 981 aliis
761 916 806 980 sio
827 916 924 983 velim
946 916 1138 983 discernere:

223 1021 256 1106 a)
279 1025 404 1107 quisque
431 1043 609 1107 pronomen
638 1021 674 1085 in
710 1023 949 1090 constructione
982 1024 1110 1092 ablativi
1141 1024 1225 1090 abso·

137 1131 198 1194 luti
231 1127 258 1192 si
288 1127 394 1212 ipsum
424 1127 605 1192 subiectum
638 1128 704 1204 est,
738 1129 872 1194 ablativo
904 1127 1055 1213 ponitur:
1093 1125 1161 1194 Liv.
1190 1131 1226 1198 21

139 1234 190 1314 33,
214 1233 233 1297 5
264 1232 342 1298 sibi
372 1254 538 1316 quoque
561 1233 775 1310 tendente,
809 1233 836 1296 si
859 1232 1055 1299 attributum
1076 1231 1222 1298 subiecto

137 1338 188 1404 vel
221 1338 402 1404 secundarii
430 1338 481 1402 vel
523 1337 669 1423 primarii
703 1338 878 1416 enuntiati,
911 1340 1113 1405 nominativo:
1146 1335 1223 1402 Sall.

136 1442 204 1527 Iug.
226 1449 261 1510 18
290 1447 324 1520 33
357 1441 472 1508 Iustin.
493 1446 532 1509 28
559 1447 585 1506 l.
618 1441 688 1507 Liv.
712 1444 826 1522 2145,
850 1444 870 1509 9
893 1473 934 1501 =
957 1443 1073 1527 cuique
1096 1441 1227 1532 (Zumpt

137 1551 167 1629 5.
190 1548 277 1633 710).
323 1547 462 1612 Perinde
485 1549 553 1633 ipse
577 1548 813 1615 nominativum
835 1549 898 1614 abl.
917 1548 1018 1614 absol.
1040 1549 1226 1635 appositum

136 1653 319 1719 invenimus
342 1652 417 1718 Tac.
443 1652 481 1718 G.
505 1655 547 1718 37
578 1654 724 1719 amisso
756 1654 902 1739 etipse
924 1653 1075 1719 Pacoro
1099 1653 1224 1741 (ipsi);

136 1759 207 1825 Liv.
229 1763 250 1825 4
271 1759 314 1824 44
337 1779 455 1824 eausa
476 1758 560 1843 ipse
583 1781 654 1844 pro
677 1781 716 1824 se
739 1759 848 1825 dicta
872 1806 1013 1824 .....
1037 1758 1107 1827 XV
1136 1759 1224 1823 mil·

138 1865 243 1932 libus
266 1865 370 1929 aeris
393 1864 609 1929 damnatur
633 1864 815 1949 (ipsi=ab
838 1862 949 1950 ipso);'
971 1863 1059 1932 Ourt.
1082 1869 1101 1930 3
1125 1867 1158 1943 8,
1182 1864 1225 1930 24

139 1971 217 2033 tuno
240 1968 414 2034 consistere
438 1991 510 2053 eq.
523 1992 548 2034 s.
572 1968 628 2055 (=
652 1969 693 2035 ab
716 1971 822 2056 ipso);
852 1969 930 2035 Sall.
954 1968 1022 2035 eat.
1044 1974 1079 2039 18
1102 1971 1120 2034 5
1144 1969 1224 2054 ipsi

138 2073 329 2139 fascibus
351 2075 563 2159 correptis
594 2073 649 2162 (ab
672 2076 776 2160 ipsis).
831 2074 905 2140 Vid.
930 2073 1033 2139 Kritz.
1058 2075 1097 2140 ad
1120 2072 1223 2158 Agrio.

137 2200 165 2244 c.
189 2180 230 2246 25
254 2202 285 2264 p.
302 2180 362 2255 983
384 2178 443 2242 ubi
465 2200 538 2243 cum
559 2180 657 2255 etiam
679 2202 754 2245 ann.
777 2183 814 2245 14
829 2181 871 2245 26
895 2181 1113 2266 praemisso
1137 2199 1225 2248 cum

138 2284 311 2349 auxiliis
342 2273 549 2349 Verulano
581 2284 724 2370 legato
758 2286 883 2371 atque
919 2285 1007 2371 ipse
1048 2283 1225 2369 legioni·

138 2389 211 2454 bus
244 2388 347 2452 citis
380 2386 543 2470 conferat,
579 2389 676 2468 male,
711 2392 809 2475 puto,
846 2389 989 2475 neglegit
1023 2387 1224 2476 Nipperdeyi

139 2493 457 2578 interpretationem,
493 2515 557 2577 qua
579 2496 717 2580 probata
752 2496 850 2561 verba
870 2495 927 2561 illa
948 2495 1146 2562 luculentum
1169 2516 1225 2562 ex·

141 2599 282 2685 emplum
305 2598 374 2664 eius
396 2602 578 2664 structurae
601 2621 668 2665 esse
691 2601 777 2666 dices
800 2600 838 2666 de
860 2603 994 2688 quaest
1016 2597 1224 2688 Draegeri³⁸)

140 2704 167 2791 5.
191 2705 253 2770 287
277 2703 321 2788 2).
351 2740 396 2752 -
446 2701 522 2768 Jam
549 2705 586 2769 in
614 2705 798 2772 universum
828 2705 1006 2771 notandum
1039 2707 1088 2772 est
1116 2727 1225 2771 casum

138 2809 375 2877 nominativum
391 2809 535 2874 'subiecti
560 2831 655 2895 saepe
683 2811 770 2875 inter
792 2810 950 2879 ablativos
972 2811 1137 2880 absolutos
1159 2811 1225 2880 col·

137 2914 253 2994 locari,
287 2917 325 2979 ut
347 2911 432 2999 Nep.
454 2912 587 2980 Pausi
619 2914 683 2980 bis
715 2914 836 2981 rebus
868 2913 1012 3000 ephori
1034 2917 1224 3002 cognitis

139 3020 274 3085 satius
305 3020 581 3104 putaverunt;
614 3020 728 3085 Iustin.
750 3024 766 3085 1
789 3021 831 3088 34
862 3042 936 3108 quo
967 3021 1042 3090 ille
1064 3021 1224 3088 audito?

140 3117 1090 3196 86111.1.(161111166061111116611161166166.
1113 3173 1224 3195 .....

212 3315 259 3387 88)
275 3314 303 3370 Is
322 3331 447 3384 quoque,
474 3316 508 3371 ut
530 3333 605 3371 nunc
622 3314 720 3382 video,
747 3314 930 3386 Nipperdeyo
949 3315 1101 3377 assentitur
1119 3317 1144 3386 8.
1163 3315 1247 3378 224..

141 3403 198 3462 Ubi
216 3404 292 3474 quod
310 3405 340 3461 in
359 3405 528 3476 explicando
546 3407 566 3461 l.
578 3405 671 3462 Germ.
681 3423 705 3462 c.
715 3408 749 3462 37
768 3408 867 3463 contra
885 3405 1030 3461 Halmium
1048 3406 1226 3462 etltothium

140 3514 174 3553 ea
192 3513 265 3566 quae
283 3496 350 3552 sunt
368 3496 495 3552 amisso
514 3497 550 3552 et
567 3496 642 3567 ipse
662 3497 798 3552 Pacoro
817 3495 905 3552 etiam
923 3513 987 3551 oum
1005 3495 1158 3567 participio
1171 3495 1224 3552 do·

139 3585 259 3642 iectus
278 3584 427 3642 coniunxit
450 3583 557 3656 (annon
582 3587 651 3642 lioet
678 3587 811 3658 colligere
835 3585 866 3644 id
885 3603 920 3642 ex
938 3602 971 3641 eo
990 3586 1065 3656 quod
1084 3603 1224 3643 unacum

139 3676 227 3732 subet.
246 3675 367 3732 oriens
385 3692 436 3747 pro
455 3677 541 3733 verbo
560 3675 741 3733 obiecerit
764 3676 836 3734 haec
854 3674 950 3731 infra
968 3675 1072 3732 Vent.
1092 3675 1157 3732 dei.
1176 3693 1225 3734 ex-

140 3763 241 3836 cripsit
257 3766 338 3822 nulla
357 3765 455 3822 addita
473 3766 748 3839 interpunctionetl,
775 3767 851 3826 recte
869 3765 962 3825 minus
980 3784 1045 3823 eum
1063 3767 1161 3826 fecisse
1180 3784 1224 3824 61·

138 3855 238 3913 bitror.
281 3857 356 3912 Nam
376 3867 448 3912 ¹oum
475 3857 527 3913 illa
552 3858 653 3923 verba,
682 3857 811 3927 quamvis
837 3875 932 3913 rerum
949 3859 1084 3915 contextu
1102 3876 1166 3915 oum
1183 3876 1225 3916 se·

119 3942 295 4015 'quentibus
315 3946 412 4002 infra
430 3946 465 4003 V.
485 3947 552 4003 dei.
570 3948 631 4004 arte
650 3947 833 4014 cohaereant,
856 3948 981 4007 oratoria
997 3951 1095 4006 tamen
1112 3951 1224 4007 senten·

138 4035 245 4093 tiarum
264 4036 442 4108 oppositione
460 4036 496 4092 ad
515 4053 550 4092 ea
569 4054 642 4108 quae
665 4038 839 4094 antecedunt
863 4039 1007 4096 caedem
1026 4039 1143 4096 Crassi
1163 4057 1225 4111 spe-

139 4128 233 4195 ctent,
261 4127 300 4183 ad
317 4127 424 4183 nudum
443 4125 562 4183 oriens
581 4126 624 4182 ita
641 4127 788 4184 referenda
806 4127 878 4183 mihi
896 4129 1029 4185 videntur
1047 4128 1171 4185 utillud
1189 4131 1225 4185 et

138 4216 210 4288 ipse
228 4234 280 4291 pro
299 4216 433 4290 stipsi,
452 4233 488 4272 so.
508 4216 612 4273 orienti
630 4217 716 4274 caede
735 4217 779 4274 (11.
796 4217 934 4289 glorianti
953 4217 989 4289 (c.
1009 4219 1054 4276 Or.
1072 4217 1221 4290 obicienti)

134 4307 260 4380 positum
275 4307 504 4381 interpretemur.
