2730 4650
658 257 698 322 12

139 426 221 491 mihi
244 424 326 490 nihil
348 423 529 489 addendum
550 425 650 489 restat
661 424 723 488 nisi
736 426 773 487 ut
795 425 1095 493 commentariolum
1118 447 1225 503 meum

139 531 232 595 valde
254 531 383 623 cupiam
405 551 425 593 a
446 529 549 594 doctis
560 528 701 614 probari,
723 551 828 614 neque
839 531 946 614 aptius
969 530 1144 615 quidquam
1167 530 1226 594 ha

109 652 113 663 ·
137 636 201 703 ‚beo
225 655 289 719 quc
312 633 501 698 concludam
524 655 622 719 quam
643 633 774 719 Hoeggi
798 635 895 699 verba
920 635 978 700 >ln
1001 656 1066 720 quo
1087 636 1117 711 si
1136 656 1226 700 erro·

138 739 185 807 ris
206 739 372 804 convictus
394 737 494 818 fuero,
513 739 698 820 ‚communis
720 740 881 818 omnium,
903 739 962 822 qui
985 740 1123 817 eundem
1144 739 1226 823 lapi-

139 843 212 908 dem
244 864 372 907 movere
404 842 512 907 conati
543 845 633 923 sunt,
666 842 799 907 fortuna
833 843 994 907 consolari
1019 865 1072 908 mc
1094 844 1223 927 poterit.

140 945 295 1012 Tentasse
317 947 463 1011 laborem
484 967 560 1034 sane
581 947 761 1026 neminem,
782 947 847 1012 nisi
867 950 1022 1032 ignavum
1043 951 1100 1013 aut
1123 969 1223 1014 vanae

140 1051 295 1134 gloriolae
317 1051 511 1132 studiosum,
545 1050 702 1136 pigebit«
728 1088 771 1099 —

139 1429 140 1434 η
228 1380 411 1477 Antequam
434 1383 563 1466 singula
584 1392 786 1469 persequor‚-
802 1405 904 1468 pauca
924 1384 965 1448 iis
984 1383 1102 1448 addere
1124 1383 1220 1447 velim

138 1506 222 1569 quae
238 1476 426 1551 -Urlichsius
445 1491 615 1552 comment.
639 1511 664 1552 s.
687 1512 719 1573 p.
738 1491 823 1552 3-6
845 1490 880 1553 in
902 1487 1071 1552 Huebneri
1093 1489 1222 1552 senten*

141 1592 218 1654 tiam
243 1590 382 1656 Hermae
405 1592 468 1657 vol.
489 1593 514 1656 I.
538 1593 560 1656 l.
583 1593 605 1656 1.
629 1593 670 1656 ab
702 1593 760 1658 illo
790 1592 955 1658 defensam
973 1592 1137 1656 luculente
1158 1591 1223 1655 dis·

139 1697 242 1760 seruit
262 1708 409 1778 quaeque
431 1696 569 1779 probata
589 1696 679 1780 legas
692 1697 728 1760 in
743 1696 882 1760 Zarnkei
893 1695 1012 1760 »Liten
1025 1693 1220 1760 (lentralbla

142 1800 234 1878 edito
244 1800 303 1865 'dic
315 1799 355 1863 X.
371 1821 470 1869 mens.
486 1799 552 1871 Jul.
573 1823 602 1865 a.
617 1802 711 1866 1869.
755 1802 949 1866 Huebnerns
969 1803 1038 1886 ipse
1060 1800 1126 1864 iam
1146 1819 1223 1863 con·

140 1905 236 1969 cessit
258 1905 482 1986 »Agricolam«
506 1926 574 1969 non
595 1906 713 1971 iustam
735 1907 953 1971 laudationem
964 1905 1134 1969 funebrem
1156 1924 1223 1967 essc

140 2007 238 2074 seda
260 2007 364 2073 forma
386 2009 454 2074 eius
475 2008 639 2095 crtum²¹)‚
663 2001 741 2095 ergo
764 2012 1003 2096 amplificatam,
1026 2009 1131 2087 credo,
1154 2008 1223 2071 lau·

140 2111 305 2177 dationem
336 2114 496 2198 latiusque
526 2115 681 2199 scriptam
711 2137 807 2199 quam
834 2137 916 2200 quac
938 2114 1052 2180 haberi
1069 2113 1220 2198 potuerit,

140 2216 197 2280 sed
221 2219 331 2282 tamen
353 2219 588 2299 laudationem,
619 2221 640 2284 i.
664 2242 691 2285 e.
714 2221 749 2284 in
771 2220 909 2284 formam
930 2219 1123 2283 laudationis
1145 2239 1222 2282 con·

141 2321 227 2386 sult'o
248 2324 471 2406 compositum.
517 2322 609 2398 Quod
629 2325 798 2389 consilium
822 2327 859 2388 ut
880 2324 1011 2408 in-ipsa
1033 2324 1101 2387 vita
1116 2322 1222 2387 'semel

139 2426 271 2509 quidem
292 2427 410 2493 diserte
432 2428 627 2494 declaratum
649 2432 706 2493 aut
720 2429 937 2512 significatum
949 2428 1132 2492 inueniatur
1152 2429 1222 2493 iure

140 2533 335 2615 expectabis.
382 2531 444 2597 Sed
460 2534 626 2597 audiamus
648 2555 730 2616 quae
752 2533 820 2617 ipse
843 2532 991 2619 opinioni
1011 2553 1086 2596 suae
1108 2535 1222 2596 contra

140 2635 275 2701 dicenda
297 2636 391 2701 affert
413 2637 613 2702 refellentem
624 2636 842 2703 Huebnerum.
871 2637 1126 2721 Descriptionem
1148 2635 1221 2699 Bri·

140 2742 272 2804 tanniae
294 2741 421 2824 aliaque
445 2743 748 2827 quaecap.10-17
771 2744 1001 2807 contineantur
1023 2741 1128 2804 aliena
1150 2741 1221 2824 qui-

53 2880 59 2891 ·
139 2845 212 2910 dem
235 2847 282 2910 ait
303 2846 345 2910 ab
366 2848 507 2911 oratorio
529 2868 647 2947 genere
669 2848 847 2912 laudationi
869 2869 944 2912 suae
966 2845 1114 2910 Tacitum
1136 2845 1222 2908 inse-

100 3030 104 3037 ,
140 2951 257 3033 ruisse,
291 2950 338 3014 ita
359 2955 469 3017 tamen
491 2956 528 3016 ut
550 2951 670 3018 diserte.
690 2974 724 3018 se
746 2958 878 3018 excuset
886 2950 937 3039 ²²).
981 2951 1028 3016 At
1047 2950 1118 3036 ipsa
1139 2948 1222 3021 hacc¹

213 3141 260 3212 21)
280 3161 294 3190 a
314 3180 321 3194 .
340 3178 347 3194 .
367 3179 375 3194 .
392 3179 400 3194 .
419 3141 525 3201 Halten
542 3141 649 3198 konnte
667 3159 698 3198 cr
715 3142 774 3197 ihm
791 3142 851 3200 also
870 3142 1114 3201 dieLeichenrede
1127 3144 1208 3200 nicht
1214 3164 1221 3210 ς

141 3229 390 3305 deshalb'schrieb
409 3248 440 3285 er
469 3226 516 3286 sic'
532 3231 595 3298 auf,
622 3231 681 3286 und
704 3232 785 3288 nicht
808 3233 1043 3291 eineformliche
1068 3233 1145 3291 laud.
1163 3234 1221 3288 lun.

141 3316 244 3386 se'lbat,
268 3320 337 3375 aber
358 3319 609 3392 hervorgegangen
631 3339 682 3377 aus
700 3322 750 3377 der
767 3323 920 3380 Redefcrm
943 3323 993 3379 der
1010 3324 1088 3379 laud
1106 3323 1166 3378 fun.
1184 3322 1223 3379 ist

141 3409 188 3482 die
200 3428 262 3481 ,una
277 3409 395 3480 vorlieg.
410 3409 522 3478 ‘Schrilt
539 3449 546 3466 .
566 3450 573 3464 .
591 3450 598 3467 .
617 3449 625 3465 .
645 3431 670 3467 a

213 3500 259 3570 22)
280 3498 510 3570 ›Eingeschoben
527 3498 558 3554 in
575 3499 622 3554 die
641 3500 785 3555 enarratio
801 3500 840 3555 ist
852 3500 966 3565 freilich
983 3500 1031 3562 ein
1040 3499 1138 3566 utnon,
1157 3501 1224 3556 wel-

140 3589 207 3645 ches
224 3588 255 3643 in
274 3587 324 3642 der
341 3589 425 3643 Fcrm
442 3588 500 3642 und
519 3588 719 3660 Ausdchnung,
737 3589 769 3644 in
787 3590 956 3653 welcheres
973 3589 1108 3661 vorlicgt,
1125 3590 1164 3646 in
1182 3590 1223 3645 ei·

139 3696 192 3736 ner
209 3677 412 3743 Leichenrcde,
430 3679 503 3733 auch
520 3678 555 3734 in·
570 3677 648 3734 einer
666 3679 746 3735 nicht
763 3680 894 3737 wirlrlich
910 3680 1094 3752 gchaltcnem
1118 3681 1225 3737 keinen

140 3769 335 3836 schicklichen
358 3765 451 3823 Platz'
465 3767 566 3824 findet:
594 3768 641 3824 die
664 3769 876 3842 Beschreibung
898 3788 955 3831 von
972 3770 1141 3829 Britannica
1165 3771 1225 3827 und

141 3858 189 3928 die
200 3859 369 3930 =Erzahlung
385 3876 443 3913 von
462 3858 518 3915 den
535 3857 669 3923 ludheren
686 3859 892 3931 Expeditioncn
918 3861 1036 3918 dorthin
1053 3861 1134 3933 (Cap.
1154 3863 1223 3917 10<-

143 3949 198 4020 17).
224 3948 326 4033 ⁸Diess
341 3931 433 4003 ‘Stliclr
456 3947 495 4003 ist
519 3948 582 4004 eine
609 3948 799 4021 selbstandige
822 3950 991 4009 historische
1007 3951 1129 4018 ¹Studia.
1156 3950 1224 4008 liein

141 4038 219 4110 blcss
233 4038 420 4108 rhetorisches
439 4038 527 4101 staca
546 4038 646 4109 [talem
661 4039 821 4110 appellanti
842 4041 937 4098 totum
958 4041 1100 4111 reliquum
1118 4040 1223 4097 librum

141 4145 240 4186 vercor
264 4145 300 4184 nc
318 4128 435 4185 Tacitus
457 4145 569 4198 prorsus
590 4147 649 4211 non
676 4129 837 4202 annuerit],
863 4131 988 4189 weshalb
1011 4131 1063 4187 'dar
1079 4128 1226 4187 Verfassc'r

139 4213 202 4272 sich
220 4217 294 4274 auch
311 4217 374 4275 hier
391 4215 496 4274 wieder
513 4217 567 4277 wie
585 4219 624 4276 im
642 4220 826 4283 Prooemium
836 4219 1055 4292 anacharsim«
