2730 4650
674 310 715 374 60

152 486 250 554 immo
273 487 456 572 exemplum
478 507 616 570 agnosco
640 485 796 550 sermonis
818 507 884 550 non
907 486 984 550 satis
1006 487 1087 552 bene
1109 507 1243 571 compo-

152 595 206 659 siti
231 596 339 658 ortum
361 593 401 655 ab
424 593 495 676 ipso
519 593 684 676 scriptore,
708 615 804 676 quern
819 613 926 657 amore
938 614 995 656 suo
1006 592 1142 677 singulis
1164 614 1242 656 nar·

152 700 288 764 rationis
302 698 448 783 partibus
471 697 685 781 cogitationes
708 697 862 781 quasdam
884 698 924 760 ad
947 698 1018 761 illas
1041 698 1240 781 pertinentes

151 805 308 870 adiciendi
331 804 497 867 inductum
522 803 574 867 hic
598 824 664 867 esse
688 803 836 867 existimo
858 805 895 866 ut
918 804 1108 867 sententiam
1131 803 1239 866 minus

152 914 260 995 aptam
275 909 414 973 orationi
437 909 636 973 admisceret.
682 907 796 992 Neque
820 910 905 973 enim
928 930 1136 992 quaecunque
1160 907 1240 972 scri·

151 1017 217 1101 psit
240 1016 371 1079 Tacitus
394 1015 501 1079 omnia
524 1016 672 1079 omnibus
701 1016 843 1079 numeris
872 1015 1020 1080 absoluta
1054 1018 1145 1092 sunt,
1184 1013 1240 1078 sed

152 1144 224 1188 cum
246 1144 313 1186 non
336 1123 438 1186 maior
460 1124 529 1206 ipse
552 1122 650 1186 fuerit
672 1123 757 1186 bono
780 1121 937 1199 Homero,
972 1123 1070 1186 etiam
1100 1121 1135 1184 in
1169 1121 1239 1184 eius

151 1229 280 1313 scriptis
302 1228 439 1292 inveniri
462 1228 621 1292 nonnulla
642 1250 752 1291 vernrn
774 1236 823 1292 est
846 1250 937 1312 quae,
961 1231 997 1291 ut
1019 1227 1144 1311 Haupti
1168 1249 1241 1290 ver·

151 1334 201 1398 bis
224 1337 316 1410 utar,
348 1334 493 1397 excusari
523 1334 662 1418 possint,
696 1334 821 1397 laudari
844 1337 951 1397 autem
973 1334 1161 1417 neutiquam
1184 1333 1241 1398 de·

152 1439 259 1503 beant.
306 1437 425 1512 Quodsi
449 1439 600 1523 scriptori
622 1441 792 1504 sententiis
804 1440 901 1503 denso
925 1440 1071 1504 excidere
1094 1439 1238 1525 potuisse

151 1545 379 1608 inconcinnam
402 1567 438 1608 ac
462 1567 646 1629 perversam
670 1546 863 1610 sententiam
894 1545 1103 1622 concesseris,
1137 1566 1178 1608 ne
1201 1545 1238 1610 in

151 1650 286 1714 verbosa
309 1651 439 1734 quidem
462 1651 623 1715 enuntiati
635 1650 721 1714 illius
745 1651 885 1715 dictione
909 1651 1059 1724 offendes
1083 1649 1239 1733 quoniam

152 1776 247 1840 saepe
279 1757 317 1820 fit
349 1758 387 1818 nt
414 1757 450 1820 in
473 1756 683 1840 exprimenda
705 1757 867 1820 sententia
887 1778 954 1837 non
978 1757 1055 1820 satis
1078 1777 1239 1840 perpensa

106 1917 109 1922 .
151 1861 314 1944 longiores
337 1861 443 1924 simus
490 1858 546 1925 Sin
570 1863 677 1923 autem
699 1882 769 1924 eam
791 1883 873 1944 quae
896 1861 1061 1925 vocabulis
1083 1881 1238 1924 summa

150 1986 286 2028 rernm
320 1965 402 2046 (sdic
437 1963 759 2055 Hauptanliihrungc
785 1963 998 2047 Gutmannus}
1028 1964 1238 2049 sequentibus

151 2069 230 2133 illud
264 2072 414 2133 cuncta
447 2107 488 2117 -—
523 2070 755 2154 agebantur
793 2072 999 2135 contineatur
1031 2072 1238 2151 iterationem

151 2175 370 2239 absurdiorem
383 2196 449 2240 esse
469 2176 638 2259 quisdicat
658 2198 753 2259 quam
779 2198 861 2259 quae
884 2177 981 2240 etiam
1006 2176 1236 2240 »dormitanti«

152 2278 264 2343 Tacito
287 2279 388 2342 tribui
411 2284 508 2362 queat
517 2278 568 2362 ⁸2),
602 2282 784 2344 consideret
813 2282 840 2345 is
870 2281 965 2345 velim
988 2281 1147 2365 duplicem
1170 2283 1237 2346 vim

150 2385 238 2448 illius
261 2406 410 2447 summa
432 2407 580 2462 rernm,
615 2407 711 2468 quam
735 2390 864 2471 praeter
885 2386 1147 2471 Peerlkampinm
1169 2386 1239 2452 He·

150 2512 244 2553 raeus
267 2490 369 2554 altera
399 2511 497 2572 quam
527 2491 566 2554 ad
590 2489 665 2554 hist.
689 2497 708 2557 2
731 2494 782 2567 33,
808 2494 845 2555 11
872 2492 1000 2576 scripsit
1022 2493 1237 2558 annotatione

151 2596 229 2659 scite
264 2595 449 2658 illustravit.
508 2592 650 2671 Quacum
682 2598 737 2680 qui
761 2596 960 2661 Boetticheri
982 2598 1027 2682 (p.
1052 2598 1129 2682 448)
1152 2598 1237 2662 hano

150 2699 398 2783 explicationem
432 2721 619 2777 asumma,
654 2701 792 2765 maxime
826 2701 995 2766 familiaris
1019 2702 1131 2766 Tacito
1162 2724 1236 2780 vox,

152 2853 321 2871 ......
345 2809 393 2869 est
408 2804 547 2885 Summe,
571 2805 815 2885 Gesammtheit,
839 2809 898 2872 das
921 2808 1039 2886 Ganze,
1062 2813 1145 2874 haud
1165 2831 1237 2876 raro

150 2914 295 2975 adiuncta
316 2920 443 2975 eventus
465 2915 605 2975 notione«
641 2913 855 2990 contenderit,
894 2936 962 2977 non
984 2915 1048 2977 iam
1071 2915 1237 2981 dubitabit

151 3017 228 3098 quin
251 3015 318 3079 sola
330 3015 428 3079 Rothi
440 3017 665 3101 interpretatio
691 3018 776 3082 »und
799 3018 856 3083 der
878 3019 1237 3105 ganzeErfolgsammt

150 3120 221 3185 dem
245 3120 391 3184 Ruhme«
416 3121 583 3204 probanda
605 3123 663 3198 sit,
688 3124 784 3207 idque
808 3147 845 3189 eo
867 3125 972 3209 magis
995 3127 1080 3209 quod
1103 3149 1176 3191 cum
1198 3126 1235 3191 in

148 3229 286 3309 utroque
309 3226 470 3289 enuntiati
492 3228 667 3292 concessivi
690 3229 833 3293 membro
857 3230 953 3293 binae
976 3231 1020 3295 sic
1044 3234 1154 3297 extent
1176 3254 1237 3297 no·

148 3332 255 3395 tiones
279 3332 494 3415 propinquae,
529 3333 680 3397 duritiam
712 3335 909 3421 tautologiae
941 3358 1038 3421 quam
1062 3337 1236 3422 reprehen-

149 3437 232 3501 dunt
254 3436 340 3500 hand
364 3436 496 3520 paulum
519 3437 613 3502 leniri
637 3440 842 3524 perspicuum
865 3441 922 3505 est,

235 3541 436 3606 Postremam
450 3543 563 3628 capitis
580 3545 772 3609 sententiam
785 3545 1028 3631 Peerlkampius
1038 3569 1235 3633 quamquam

150 3668 278 3710 »veram
302 3650 335 3710 et
355 3647 437 3711 bene
459 3670 662 3732 expressam«
688 3650 844 3733 appellat,
878 3654 987 3715 tamen
1015 3653 1055 3716 ab
1078 3652 1234 3721 hocloco

148 3753 285 3816 alienam
319 3775 387 3816 esse
420 3753 606 3820 arbitratur.
664 3753 760 3818 Cuius
794 3756 955 3840 opinionis
985 3761 1175 3842 argumenta
1196 3762 1234 3824 ut

147 3858 258 3921 eodem
282 3879 345 3940 quo
368 3858 422 3922 ille
446 3858 558 3921 attulit
580 3880 617 3922 ea
636 3860 746 3924 ordine
758 3860 899 3925 breviter
921 3861 1067 3944 refutem,
1090 3865 1234 3949 primum

219 4038 265 4107 82)
284 4037 389 4092 Incidit
406 4037 477 4092 mihi
496 4038 526 4093 in
544 4040 668 4094 mentem
687 4039 843 4094 extiturum
854 4040 973 4096 forsitan
986 4042 1036 4111 qui
1055 4044 1157 4100 saltem
1175 4047 1235 4102 tres

146 4145 229 4183 voces
248 4146 377 4183 summa
401 4145 517 4183 rerum
536 4131 572 4184 et
599 4130 632 4183 ut
658 4129 780 4200 glossam
798 4129 834 4184 ad
853 4147 941 4198 quae
961 4134 1090 4188 cuncta
1108 4134 1234 4206 adscrip-

144 4220 204 4271 tam
222 4220 276 4271 aut
294 4217 364 4272 duas
383 4235 496 4273 rerum
517 4220 552 4274 et
570 4220 603 4272 ut
622 4237 637 4274 e
655 4220 754 4289 primis
771 4219 852 4274 verbi
870 4227 1109 4291 recuperatae
1127 4223 1235 4281 litteris

119 4301 184 4370 (re)
202 4321 303 4361 errore
320 4307 423 4378 aliquo
447 4308 490 4366 bis
510 4309 627 4382 scriptis
644 4309 790 4383 prolectas
807 4309 941 4366 delendas
958 4327 1017 4367 esse
1034 4313 1195 4370 contendat
1238 4354 1255 4363 ..
