2730 4650
682 243 724 314 30

159 420 302 500 »deinde
327 421 355 486 si
377 421 503 487 veniam
525 443 560 486 re
572 443 649 487 vera
660 421 797 506 petitam
819 443 886 488 esse
910 422 1066 508 posueris,
1088 445 1152 508 qno
1175 422 1244 490 sint

156 549 207 607 ea,
242 549 324 613 quae
347 527 453 613 capite
483 527 621 592 secundo
649 527 872 605 continentur,
903 525 1091 607 referenda,
1124 529 1242 596 dubins

131 631 379 717 baerebiscffll.
435 630 497 697 Sed
529 635 567 696 ut
594 632 629 696 in
651 632 710 698 hac
734 633 859 700 ratione
882 655 902 699 a
924 633 1032 698 verbis
1054 634 1119 700 illis
1140 635 1179 700 ad
1203 658 1243 701 ea

156 760 237 823 quae
261 743 441 823 sequuntur
463 738 569 802 minus
579 736 674 819 facile
684 738 723 802 fit
739 739 905 818 transitus,
928 739 975 803 ita
997 739 1032 803 in
1046 738 1242 826 Hoeggiana

154 867 269 930 parum
304 865 343 909 ea
379 843 548 909 concinere
581 843 699 908 senties
735 864 807 908 eum
840 844 939 929 primi
967 844 1081 930 capitis
1104 867 1239 926 summa,

155 973 237 1038 qnae
260 951 301 1017 ad
325 952 581 1017 aestimationem
604 952 760 1017 virtutum
773 953 933 1038 optimam
955 954 1042 1032 olim,
1065 955 1136 1018 istis
1158 956 1242 1020 tem·

155 1056 289 1143 poribus
312 1056 379 1122 fere
401 1058 524 1123 nullam
547 1060 689 1142 spectat,
713 1079 817 1142 neque
839 1079 895 1124 our
917 1060 1002 1124 coni.
1025 1059 1151 1145 plusqu.
1176 1082 1240 1146 pe-

153 1164 300 1228 tissem
331 1163 426 1228 indic.
450 1162 531 1247 perf.
556 1163 687 1247 petivi
711 1161 785 1228 Tac.
810 1164 1001 1248 praetulerit
1024 1165 1102 1230 satis
1124 1165 1239 1250 liquet.

152 1269 280 1353 Atque,
314 1268 399 1353 quod
429 1268 531 1332 mains
561 1270 624 1345 est,
657 1269 805 1354 graviore
828 1290 885 1333 sua
908 1269 1084 1335 offensione
1107 1268 1240 1354 Hocggi

150 1373 378 1459 interpretatio
413 1373 474 1437 nisi
512 1372 640 1438 delendi
673 1395 778 1437 nuno
808 1375 934 1438 ratione
956 1375 1125 1439 audaciore
1149 1375 1239 1459 (iniit

153 1502 225 1545 eam
248 1477 455 1564 Spengelius)
476 1477 577 1543 levari
601 1500 667 1543 non
692 1480 809 1563 potest,
832 1478 937 1544 Kritzi
960 1502 1041 1564 quae
1062 1480 1239 1565 praeterita
1263 1564 1266 1573 y

151 1584 236 1650 fuit
263 1583 507 1668 erpensset
535 1583 747 1668 probabiliter
778 1584 917 1668 explicet
946 1585 1049 1670 magis
1071 1585 1237 1668 magisque

151 1691 279 1756 videtur
302 1688 383 1753 mihi
405 1689 520 1753 idonea
543 1709 621 1753 esse.
666 1685 751 1752 Nam
774 1710 845 1753 eam
867 1710 963 1772 quam
986 1691 1092 1754 verbis
1115 1691 1238 1754 venia

151 1817 251 1880 opus
290 1793 376 1858 luit
415 1793 593 1858 addendam
633 1791 730 1858 luisse
765 1794 906 1858 indicavi
934 1816 1030 1879 supra
1066 1794 1236 1860 notionem

149 1900 237 1966 haud
259 1901 323 1964 scio
347 1920 388 1962 an
410 1901 498 1963 recte
528 1898 668 1962 conicias
697 1920 735 1963 eo
757 1921 776 1963 a
798 1900 954 1984 scriptore
977 1900 1146 1964 brevitatis
1167 1903 1237 1964 stu-

149 2005 329 2084 diosissimo
360 2023 543 2088 expressam
573 2023 639 2068 esse
668 2003 754 2087 quod
785 2026 844 2088 pro
875 2005 1067 2068 narranti
1091 2005 1235 2090 posuerit

148 2113 340 2177 narratur
349 2132 378 2179 0.
422 2109 536 2194 Itaque
549 2109 593 2173 sic
605 2108 742 2193 denique
755 2110 852 2174 verba
864 2109 919 2173 illa
934 2110 1124 2195 exponenda
1135 2114 1231 2196 puto:

85 2208 89 2217 ’
152 2217 218 2282 »At
239 2238 325 2282 nanc
346 2217 380 2280 in
403 2215 534 2280 exordio
557 2216 667 2279 statim
687 2215 764 2280 libri
786 2215 904 2280 devita
927 2215 1072 2281 defuncti
1093 2216 1233 2282 hominis

149 2322 264 2390 edendi
294 2321 373 2407 (non
408 2323 542 2406 propter
575 2319 714 2386 confecti
747 2320 823 2385 libri
846 2324 902 2385 aut
924 2322 1053 2406 singula
1075 2323 1155 2387 vitia
1177 2325 1235 2388 ant

147 2431 252 2494 totam
278 2427 432 2492 narrandi
460 2423 633 2511 rationem)
664 2426 791 2490 veniam
822 2428 930 2511 petere
951 2426 1033 2496 mihi
1056 2448 1136 2513 opus
1158 2426 1232 2506 fuit,

148 2556 244 2619 quarn
276 2554 343 2597 non
372 2531 524 2616 petissem
547 2551 574 2594 e.
599 2551 629 2614 q.
653 2552 721 2609 a«,
758 2533 794 2594 ut
816 2532 873 2595 tali
897 2532 1008 2596 ordino
1031 2533 1176 2617 excipere
1198 2553 1233 2599 se

147 2622 327 2704 existimem
349 2635 495 2723 prooemi
517 2627 710 2701 sententias:
758 2635 809 2700 »Is
839 2636 896 2719 qui
918 2637 1088 2721 antiquum
1109 2658 1233 2704 morem
1256 2626 1264 2729 ’Υ

145 2742 436 2810 secuturnsritam
459 2740 538 2805 clari
561 2740 726 2805 cniusdam
743 2739 804 2805 viri
826 2741 965 2808 scribere
987 2743 1023 2807 in
1045 2743 1153 2807 animo
1175 2741 1233 2807 ha·

145 2849 217 2928 bet,
246 2870 319 2914 cum
352 2851 425 2914 olim
447 2847 488 2911 ab
512 2846 663 2912 omnibus
685 2846 840 2931 probatus
863 2847 920 2926 sit,
954 2851 1064 2913 nostris
1092 2851 1232 2931 tempori·

144 2957 199 3020 un
221 2954 383 3020 communi
405 2953 537 3041 virtutis
562 2953 688 3017 incuria
716 2952 906 3038 impeditur,
937 2953 1084 3038 profecta
1112 2953 1168 3018 illa
1192 2975 1232 3018 ex

144 3059 247 3125 atroci
284 3080 381 3144 quam
413 3062 481 3122 tam
514 3057 570 3123 diu
597 3079 695 3139 nuper
723 3058 867 3143 perpessi
890 3079 998 3122 sumus
1019 3058 1230 3124 crudelissimi
1258 3133 1260 3136 y

144 3164 301 3252 principis
324 3162 554 3228 dominatione.
611 3160 712 3236 Quam
747 3163 808 3228 etsi
841 3165 946 3248 ipsam
973 3185 1055 3229 nune
1077 3186 1143 3229 non
1165 3163 1231 3228 iam
1324 3210 1328 3218 -

142 3275 193 3338 cst
216 3270 301 3357 quod
323 3268 453 3347 timeat4
488 3271 597 3332 tamen
620 3268 680 3333 sub
702 3268 839 3334 alterum
862 3292 970 3334 rursus
993 3271 1134 3336 eiusdem
1155 3291 1231 3334 can-
1257 3260 1261 3266 ’

144 3399 196 3445 sae
219 3377 379 3468 eventum,
402 3373 504 3458 ipsius
526 3373 576 3438 sui
598 3373 711 3459 ingeni
734 3375 926 3460 languorem
948 3379 1045 3460 atque
1068 3377 1229 3456 inertiam,

212 3618 260 3690 43)
279 3615 344 3671 Alia
364 3631 436 3682 quae
447 3609 544 3669 affert:
566 3612 641 3679 »Quo
660 3611 777 3668 tandem
796 3612 910 3670 vinculo
928 3613 983 3670 ista
1001 3614 1146 3673 excusatio
1164 3633 1229 3672 oum
1258 3600 1262 3607 ⁶

142 3705 376 3762 antecedentibus
395 3719 521 3759 connexa
540 3703 618 3759 esti«
640 3705 670 3758 et
690 3703 730 3757 »si
748 3703 798 3770 iis,
826 3722 899 3773 quae
918 3705 1049 3776 opposita
1064 3708 1138 3773 sunt,
1156 3706 1231 3761 nihil
1258 3690 1265 3700 ⁸
1287 3704 1290 3711 ’

141 3796 220 3852 aliud
238 3793 448 3859 contineretur,
478 3809 564 3860 qnam
583 3831 752 3848 .......
771 3794 932 3864 argumenti
961 3796 1120 3863 excusatio,
1151 3814 1230 3854 mera

140 3887 227 3943 verba
253 3884 397 3957 praefatus
428 3899 486 3938 ease
515 3881 659 3936 videretur
686 3882 763 3938 vitae
789 3887 903 3941 auctor«
935 3884 997 3956 (cfr.
1015 3885 1100 3942 Wexi
1121 3888 1169 3942 »at
1187 3885 1230 3941 ita

141 3977 230 4033 omnis
248 3974 371 4033 orationi
386 3973 466 4028 deest
492 3971 624 4043 nervus«)
652 3971 775 4029 refutare
802 3993 858 4029 non
887 3975 944 4031 iam
972 3993 1041 4046 opus
1069 3978 1120 4032 est.
1164 3975 1229 4032 Non
1262 3961 1264 3965 Α

139 4067 230 4140 magis
256 4084 336 4122 suam
367 4063 416 4118 ille
445 4060 615 4116 sententiam
643 4063 790 4119 confirmat
813 4082 845 4121 eo
865 4066 940 4134 quod
958 4067 1045 4122 verba
1065 4106 1178 4122 .....
1198 4065 1229 4120 s'i

138 4157 261 4214 tamin
279 4192 394 4212 .....
414 4149 511 4207 redit
528 4150 666 4206 animus
694 4154 816 4221 confert,
844 4156 951 4226 quippe
976 4173 1049 4224 quae
1068 4172 1130 4226 cap.
1150 4155 1167 4211 2
1185 4173 1230 4212 ar-

88 4256 95 4267 ·
131 4249 276 4316 gramenta
294 4244 402 4317 optime
421 4240 622 4312 adiungantur.
