2730 4650
595 1257 780 1343 Vlla.

236 1529 342 1595 Natus
374 1553 445 1594 sum
468 1530 606 1598 Adolfus
627 1533 811 1599 Pohlmann
844 1534 879 1598 in
909 1534 1015 1598 viculo
1038 1532 1236 1598 Guestfaliae

148 1638 201 1703 cui
224 1658 340 1700 nomen
365 1638 412 1700 est
435 1635 576 1700 Roensal
604 1639 707 1723 pridie
731 1639 773 1704 id.
798 1636 885 1724 Sept.
909 1638 986 1701 anni
1010 1637 1042 1702 h.
1066 1661 1089 1702 s.
1101 1636 1235 1703 XLVII.

148 1744 240 1827 patre
269 1739 382 1804 Carolo
416 1739 554 1805 Ernesto
590 1745 692 1806 matre
724 1741 853 1806 Amalia
887 1765 903 1806 e
936 1745 1030 1825 gente
1064 1743 1232 1826 Kipperia.

146 1848 225 1913 Inde
248 1868 322 1910 cnm
344 1849 458 1910 octavo
471 1868 557 1911 anno
574 1851 648 1933 post
660 1847 841 1932 Kierspam‚
866 1849 1040 1912 finitimum
1063 1848 1098 1911 in
1113 1849 1232 1928 vicum,

147 1955 240 2038 pater
263 1952 538 2035 transmigrasset,
561 1953 741 2036 complures
764 1974 865 2016 annos
884 1975 984 2037 »puer
999 1954 1135 2037 puerilia
1149 1956 1236 2017 trac-

146 2061 236 2122 tare«
262 2057 399 2141 perrexi.
445 2055 527 2119 Tum
546 2057 586 2121 ad
609 2057 735 2122 litteras
758 2079 928 2122 conversus
951 2057 1072 2122 latinae
1093 2060 1126 2122 et
1141 2080 1235 2143 grae-

145 2184 201 2228 cae
228 2162 414 2247 linguarum
437 2161 596 2225 elementa
630 2162 834 2246 potissimum
860 2162 910 2226 {ab
934 2166 1067 2227 Hearico
1088 2168 1234 2228 Koettero

146 2266 310 2332 sacerdote
332 2264 517 2330 Halverano
550 2267 619 2331 viro
654 2266 899 2346 humanissima
938 2267 1027 2333 cuins
1050 2290 1174 2332 summa
1196 2270 1232 2332 in

146 2394 197 2435 me
209 2371 323 2434 merita
335 2373 429 2456 grata
451 2392 576 2454 semper
589 2373 744 2436 memoria
756 2394 942 2457 prosequar,
966 2373 1031 2437 alia
1052 2374 1235 2438 rudimenta

145 2476 187 2540 ab
210 2476 280 2560 ipso
305 2479 397 2559 patre
409 2475 572 2540 carissimo
596 2476 708 2540 doctus
732 2499 810 2541 sum.
856 2477 923 2541 Iam
941 2499 1013 2541 cnm
1026 2477 1097 2542 XV.
1112 2500 1234 2542 anuum

145 2581 262 2644 aetatis
288 2580 366 2644 civis
400 2580 548 2662 gymnasi
580 2579 837 2665 Arnsbergensis
868 2582 1040 2665 degissem,
1075 2584 1233 2647 autumno

145 2686 223 2750 anni
239 2682 517 2759 cloloccchxll
539 2685 681 2750 scholam
703 2686 767 2750 adii
791 2685 1005 2764 Susatensem‚
1032 2687 1121 2750 cuins
1145 2687 1232 2752 fama

144 2794 175 2858 0.
198 2795 236 2855 Δ.
259 2793 386 2855 Jordani
418 2790 553 2855 rectoris
587 2793 621 2854 et
643 2791 884 2877 prudentissimi
914 2795 947 2856 et
979 2792 1126 2856 acerrimi
1156 2813 1234 2856 cura

143 2896 390 2982 diligentissima
411 2896 446 2960 in
469 2896 536 2960 dies
559 2896 749 2980 augebatur.
796 2896 864 2961 Nec
875 2918 1019 2980 unquam
1043 2897 1233 2961 mutationis

143 3024 195 3066 me
217 3002 396 3086 poenituit:
434 3021 451 3064 e
482 3002 748 3084 praeceptoribus
781 3003 921 3086 egregiis
948 3003 1081 3066 rectoris
1104 3006 1233 3087 praeter

145 3112 270 3174 ceteros
291 3105 444 3170 industrii
467 3105 628 3170 honorato
660 3107 785 3170 nomini
819 3107 900 3171 addo
923 3111 989 3172 car.
1012 3111 1163 3189 Koppium
1185 3109 1233 3172 vi·

142 3235 215 3277 rum
248 3211 477 3297 peritissimum
508 3211 755 3294 integerrimum
786 3214 819 3275 et
841 3216 926 3277 conr.
948 3215 1108 3276 Dudenum
1140 3232 1232 3297 prae·

142 3321 281 3382 stantem
303 3317 402 3380 iudici
425 3315 601 3399 elegantia,
635 3319 794 3380 rectorem
823 3337 911 3380 nunc
933 3317 1083 3398 gymnasi
1105 3317 1230 3383 Schlei·

141 3423 256 3489 nensis.
324 3420 370 3485 At
405 3442 515 3485 mense
548 3418 728 3485 Novembri
761 3421 838 3484 anni
872 3424 1035 3505 sequentis
1070 3420 1227 3487 lateribus

141 3528 255 3594 morbo
280 3526 403 3591 affectis
425 3548 483 3610 per
505 3529 555 3590 ter
577 3547 632 3589 sex
662 3547 786 3589 menses
810 3526 915 3590 studia
937 3527 1152 3591 intermittere
1174 3548 1228 3593 co·

139 3636 211 3698 acto
235 3632 312 3695 anni
334 3632 461 3696 demum
483 3629 775 3700 crolucccnxvl
804 3652 877 3696 vere
907 3653 1041 3696 examen
1064 3632 1150 3716 quod
1174 3632 1224 3697 di·

140 3740 219 3803 cunt
253 3736 452 3800 maturitatis
485 3735 652 3798 absolvere
675 3734 756 3798 mihi
779 3737 925 3819 contigit.
968 3737 1145 3822 Amplexus
1167 3759 1225 3801 au·

144 3846 210 3908 tem
234 3841 480 3928 grammaticam
503 3843 670 3921 artemque
692 3840 847 3904 educandi
870 3843 990 3906 aestate
1014 3843 1052 3905 ei.
1069 3864 1097 3906 a.
1118 3864 1135 3906 e
1159 3865 1226 3908 me·

141 3949 287 4013 diuorum
317 3945 452 4010 consilio
477 3942 700 4026 wirceburgi,
734 3944 849 4009 deinde
883 3969 940 4030 per
973 3947 1036 4009 duo
1059 3947 1225 4011 semestria

141 4051 304 4131 Berolini,
333 4073 392 4136 per
422 4052 575 4135 quattuor
597 4047 729 4112 Bonnae
762 4049 878 4115 scholis
906 4051 1039 4115 interfui
1063 4050 1223 4135 professo·

144 4179 216 4223 rum
240 4157 496 4221 doctissimorum
520 4154 801 4240 gravissimorum,
837 4178 974 4240 quorum
1006 4158 1146 4221 maxime
1167 4178 1222 4222 co-

120 4262 262 4324 lendum
282 4262 400 4347 paullo
419 4263 498 4349 post
519 4261 636 4325 nuntio
659 4260 721 4324 etsi
747 4282 815 4325 non
847 4263 1052 4348 inexpectato
1085 4261 1225 4328 acerbis·
