<?xml version="1.0" encoding="UTF-8"?>
<!DOCTYPE html PUBLIC "-//W3C//DTD XHTML 1.0 Transitional//EN"
    "http://www.w3.org/TR/xhtml1/DTD/xhtml1-transitional.dtd">
<html xmlns="http://www.w3.org/1999/xhtml" xml:lang="en" lang="en">
 <head>
  <title>
</title>
<meta http-equiv="Content-Type" content="text/html;charset=utf-8" />
  <meta name='ocr-system' content='tesseract 3.04.00' />
  <meta name='ocr-capabilities' content='ocr_page ocr_carea ocr_par ocr_line ocrx_word'/>
</head>
<body>
  <div class='ocr_page' id='page_1' title='image "annotationesinc00pohlgoog_0040.png"; bbox 0 0 2730 4650; ppageno 0'>
   <div class='ocr_carea' id='block_1_1' title="bbox 633 311 675 387">
    <p class='ocr_par' dir='ltr' id='par_1_1' title="bbox 633 311 675 387">
     <span class='ocr_line' id='line_1_1' title="bbox 633 311 675 387; baseline -0.024 0"><span class='ocrx_word' id='word_1_1' title='bbox 633 311 675 387; x_wconf 73' lang='grc'>35</span> 
     </span>
    </p>
   </div>
   <div class='ocr_carea' id='block_1_2' title="bbox 98 487 1192 1104">
    <p class='ocr_par' dir='ltr' id='par_1_2' title="bbox 98 483 1192 1104">
     <span class='ocr_line' id='line_1_2' title="bbox 98 487 1191 581; baseline 0.005 -24"><span class='ocrx_word' id='word_1_2' title='bbox 98 487 240 558; x_wconf 83' lang='lat' dir='ltr'>nondam</span> <span class='ocrx_word' id='word_1_3' title='bbox 275 511 342 556; x_wconf 78' lang='lat' dir='ltr'>esee</span> <span class='ocrx_word' id='word_1_4' title='bbox 377 493 452 576; x_wconf 84' lang='lat' dir='ltr'>post</span> <span class='ocrx_word' id='word_1_5' title='bbox 473 489 695 556; x_wconf 82' lang='lat' dir='ltr'>Eoksteinium</span> <span class='ocrx_word' id='word_1_6' title='bbox 729 493 763 556; x_wconf 88' lang='lat' dir='ltr'>et</span> <span class='ocrx_word' id='word_1_7' title='bbox 786 490 939 565; x_wconf 85' lang='lat' dir='ltr'>Wexium</span> <span class='ocrx_word' id='word_1_8' title='bbox 971 515 1058 560; x_wconf 83' lang='lat' dir='ltr'>nunc</span> <span class='ocrx_word' id='word_1_9' title='bbox 1080 488 1191 581; x_wconf 75' lang='lat' dir='ltr'>spicea</span> 
     </span>
     <span class='ocr_line' id='line_1_3' title="bbox 100 595 1191 714; baseline 0.006 -55"><span class='ocrx_word' id='word_1_10' title='bbox 100 619 132 682; x_wconf 88' lang='lat' dir='ltr'>p.</span> <span class='ocrx_word' id='word_1_11' title='bbox 156 596 284 660; x_wconf 84' lang='lat'>11-12</span> <span class='ocrx_word' id='word_1_12' title='bbox 317 596 429 660; x_wconf 84' lang='lat' dir='ltr'>multis</span> <span class='ocrx_word' id='word_1_13' title='bbox 453 596 608 714; x_wconf 83' lang='lat' dir='ltr'>exemplis</span> <span class='ocrx_word' id='word_1_14' title='bbox 631 595 873 665; x_wconf 81' lang='lat' dir='ltr'>demonstravit.</span> <span class='ocrx_word' id='word_1_15' title='bbox 930 596 1028 663; x_wconf 78' lang='lat' dir='ltr'>Cuius</span> <span class='ocrx_word' id='word_1_16' title='bbox 1048 601 1191 686; x_wconf 85' lang='lat' dir='ltr'>expliea-</span> 
     </span>
     <span class='ocr_line' id='line_1_4' title="bbox 101 699 1189 799; baseline 0.005 -34"><span class='ocrx_word' id='word_1_17' title='bbox 101 701 184 767; x_wconf 91' lang='lat' dir='ltr'>tioni</span> <span class='ocrx_word' id='word_1_18' title='bbox 205 700 337 766; x_wconf 84' lang='lat' dir='ltr'>voculae</span> <span class='ocrx_word' id='word_1_19' title='bbox 361 702 393 765; x_wconf 91' lang='lat' dir='ltr'>et</span> <span class='ocrx_word' id='word_1_20' title='bbox 405 703 513 766; x_wconf 78' lang='lat' dir='ltr'>assent</span> <span class='ocrx_word' id='word_1_21' title='bbox 514 702 557 765; x_wconf 86' lang='grc' dir='ltr'>ιιι</span> <span class='ocrx_word' id='word_1_22' title='bbox 548 700 748 786; x_wconf 87' lang='lat' dir='ltr'>prohibeor</span> <span class='ocrx_word' id='word_1_23' title='bbox 762 699 858 799; x_wconf 71' lang='lat' dir='ltr'>Werri</span> <span class='ocrx_word' id='word_1_24' title='bbox 883 705 1004 767; x_wconf 87' lang='lat' dir='ltr'>annota</span> <span class='ocrx_word' id='word_1_25' title='bbox 986 704 1095 769; x_wconf 90' lang='lat' dir='ltr'>atione</span> <span class='ocrx_word' id='word_1_26' title='bbox 1110 705 1189 770; x_wconf 78' lang='lat' dir='ltr'>»tEs</span> 
     </span>
     <span class='ocr_line' id='line_1_5' title="bbox 101 805 1191 894; baseline 0.004 -24"><span class='ocrx_word' id='word_1_27' title='bbox 101 806 201 892; x_wconf 83' lang='lat' dir='ltr'>igitur</span> <span class='ocrx_word' id='word_1_28' title='bbox 232 852 617 871; x_wconf 86' lang='grc'><strong>.................</strong></span> <span class='ocrx_word' id='word_1_29' title='bbox 652 809 810 893; x_wconf 76' lang='lat' dir='ltr'>ponunt«.</span> <span class='ocrx_word' id='word_1_30' title='bbox 870 805 957 871; x_wconf 85' lang='lat' dir='ltr'>Nam</span> <span class='ocrx_word' id='word_1_31' title='bbox 994 822 1191 894; x_wconf 84' lang='lat' dir='ltr'>quamquam</span> 
     </span>
     <span class='ocr_line' id='line_1_6' title="bbox 101 910 1191 1000; baseline 0.007 -25"><span class='ocrx_word' id='word_1_32' title='bbox 101 931 196 996; x_wconf 88' lang='lat' dir='ltr'>posse</span> <span class='ocrx_word' id='word_1_33' title='bbox 225 910 278 976; x_wconf 93' lang='lat' dir='ltr'>hic</span> <span class='ocrx_word' id='word_1_34' title='bbox 309 910 378 976; x_wconf 90' lang='lat' dir='ltr'>leve</span> <span class='ocrx_word' id='word_1_35' title='bbox 410 911 491 976; x_wconf 88' lang='lat' dir='ltr'>illud</span> <span class='ocrx_word' id='word_1_36' title='bbox 521 913 591 977; x_wconf 85' lang='lat' dir='ltr'>sed</span> <span class='ocrx_word' id='word_1_37' title='bbox 615 911 766 976; x_wconf 84' lang='lat' dir='ltr'>transitui</span> <span class='ocrx_word' id='word_1_38' title='bbox 789 912 930 976; x_wconf 84' lang='lat' dir='ltr'>serviens</span> <span class='ocrx_word' id='word_1_39' title='bbox 954 915 1043 1000; x_wconf 84' lang='lat' dir='ltr'>cogit</span> <span class='ocrx_word' id='word_1_40' title='bbox 1044 915 1092 979; x_wconf 87' lang='lat' dir='ltr'>ari</span> <span class='ocrx_word' id='word_1_41' title='bbox 1114 937 1191 982; x_wconf 91' lang='lat' dir='ltr'>con-</span> 
     </span>
     <span class='ocr_line' id='line_1_7' title="bbox 102 1013 1192 1104; baseline 0.007 -26"><span class='ocrx_word' id='word_1_42' title='bbox 102 1013 190 1092; x_wconf 88' lang='lat' dir='ltr'>cedo,</span> <span class='ocrx_word' id='word_1_43' title='bbox 212 1016 319 1101; x_wconf 85' lang='lat' dir='ltr'>tamen</span> <span class='ocrx_word' id='word_1_44' title='bbox 342 1037 440 1100; x_wconf 88' lang='lat' dir='ltr'>quam</span> <span class='ocrx_word' id='word_1_45' title='bbox 462 1017 701 1082; x_wconf 79' lang='lat' dir='ltr'><strong>accuratissime</strong></span> <span class='ocrx_word' id='word_1_46' title='bbox 724 1039 791 1080; x_wconf 91' lang='lat' dir='ltr'>rem</span> <span class='ocrx_word' id='word_1_47' title='bbox 804 1016 885 1081; x_wconf 89' lang='lat' dir='ltr'>mihi</span> <span class='ocrx_word' id='word_1_48' title='bbox 908 1019 1120 1104; x_wconf 73' lang='lat' dir='ltr'>perpendenti</span> <span class='ocrx_word' id='word_1_49' title='bbox 1143 1021 1192 1097; x_wconf 81' lang='lat' dir='ltr'>nil</span> 
     </span>
    </p>
   </div>
   <div class='ocr_carea' id='block_1_3' title="bbox 100 1118 1201 4350">
    <p class='ocr_par' dir='ltr' id='par_1_3' title="bbox 101 1118 1192 2570">
     <span class='ocr_line' id='line_1_8' title="bbox 104 1118 1190 1206; baseline 0.008 -25"><span class='ocrx_word' id='word_1_50' title='bbox 104 1118 166 1182; x_wconf 85' lang='lat' dir='ltr'>nisi</span> <span class='ocrx_word' id='word_1_51' title='bbox 187 1118 421 1201; x_wconf 85' lang='lat' dir='ltr'>hocvidentur</span> <span class='ocrx_word' id='word_1_52' title='bbox 444 1120 628 1206; x_wconf 82' lang='lat' dir='ltr'>significare</span> <span class='ocrx_word' id='word_1_53' title='bbox 651 1120 750 1187; x_wconf 85' lang='lat' dir='ltr'>verba</span> <span class='ocrx_word' id='word_1_54' title='bbox 773 1119 897 1185; x_wconf 82' lang='lat' dir='ltr'>Taciti:</span> <span class='ocrx_word' id='word_1_55' title='bbox 933 1145 1039 1187; x_wconf 77' lang='lat' dir='ltr'>»nuuc</span> <span class='ocrx_word' id='word_1_56' title='bbox 1060 1124 1190 1198; x_wconf 87' lang='lat' dir='ltr'>demum</span> 
     </span>
     <span class='ocr_line' id='line_1_9' title="bbox 103 1222 1192 1311; baseline 0.004 -23"><span class='ocrx_word' id='word_1_57' title='bbox 103 1222 206 1289; x_wconf 86' lang='lat' dir='ltr'>redire</span> <span class='ocrx_word' id='word_1_58' title='bbox 233 1223 350 1311; x_wconf 75' lang='lat' dir='ltr'>incipit</span> <span class='ocrx_word' id='word_1_59' title='bbox 379 1225 505 1290; x_wconf 87' lang='lat' dir='ltr'>animus</span> <span class='ocrx_word' id='word_1_60' title='bbox 540 1226 723 1311; x_wconf 91' lang='lat' dir='ltr'>etquidem</span> <span class='ocrx_word' id='word_1_61' title='bbox 746 1226 843 1307; x_wconf 86' lang='lat' dir='ltr'>lente,</span> <span class='ocrx_word' id='word_1_62' title='bbox 866 1247 941 1290; x_wconf 88' lang='lat' dir='ltr'>nam</span> <span class='ocrx_word' id='word_1_63' title='bbox 962 1227 1103 1295; x_wconf 88' lang='lat' dir='ltr'>remedia</span> <span class='ocrx_word' id='word_1_64' title='bbox 1124 1231 1192 1292; x_wconf 84' lang='lat' dir='ltr'>tar·</span> 
     </span>
     <span class='ocr_line' id='line_1_10' title="bbox 101 1327 1191 1416; baseline 0.005 -22"><span class='ocrx_word' id='word_1_65' title='bbox 101 1327 192 1394; x_wconf 89' lang='lat' dir='ltr'>diora</span> <span class='ocrx_word' id='word_1_66' title='bbox 214 1333 291 1396; x_wconf 79' lang='lat' dir='ltr'>sunt</span> <span class='ocrx_word' id='word_1_67' title='bbox 313 1352 410 1415; x_wconf 85' lang='lat' dir='ltr'>quam</span> <span class='ocrx_word' id='word_1_68' title='bbox 432 1331 548 1410; x_wconf 78' lang='lat' dir='ltr'>mala«,</span> <span class='ocrx_word' id='word_1_69' title='bbox 572 1331 619 1395; x_wconf 85' lang='lat' dir='ltr'>ita</span> <span class='ocrx_word' id='word_1_70' title='bbox 641 1331 817 1416; x_wconf 81' lang='lat' dir='ltr'>utSpittae</span> <span class='ocrx_word' id='word_1_71' title='bbox 840 1332 957 1416; x_wconf 85' lang='lat' dir='ltr'>quinta</span> <span class='ocrx_word' id='word_1_72' title='bbox 982 1332 1105 1398; x_wconf 90' lang='lat' dir='ltr'>decima</span> <span class='ocrx_word' id='word_1_73' title='bbox 1126 1334 1191 1399; x_wconf 87' lang='lat' dir='ltr'>dis·</span> 
     </span>
     <span class='ocr_line' id='line_1_11' title="bbox 102 1434 1190 1521; baseline 0.007 -25"><span class='ocrx_word' id='word_1_74' title='bbox 102 1434 289 1514; x_wconf 69' lang='lat' dir='ltr'>sertationis</span> <span class='ocrx_word' id='word_1_75' title='bbox 323 1436 443 1521; x_wconf 82' lang='lat' dir='ltr'>pagina</span> <span class='ocrx_word' id='word_1_76' title='bbox 476 1436 638 1501; x_wconf 86' lang='lat' dir='ltr'>afferenda</span> <span class='ocrx_word' id='word_1_77' title='bbox 668 1458 705 1500; x_wconf 88' lang='lat' dir='ltr'>ea</span> <span class='ocrx_word' id='word_1_78' title='bbox 728 1435 825 1501; x_wconf 82' lang='lat' dir='ltr'>fuisse</span> <span class='ocrx_word' id='word_1_79' title='bbox 848 1437 1036 1502; x_wconf 78' lang='lat' dir='ltr'>existimem.</span> <span class='ocrx_word' id='word_1_80' title='bbox 1081 1438 1190 1505; x_wconf 81' lang='lat' dir='ltr'>Etiam</span> 
     </span>
     <span class='ocr_line' id='line_1_12' title="bbox 105 1536 1192 1626; baseline 0.006 -23"><span class='ocrx_word' id='word_1_81' title='bbox 105 1536 275 1625; x_wconf 81' lang='lat' dir='ltr'>Hoeggiue</span> <span class='ocrx_word' id='word_1_82' title='bbox 297 1563 329 1626; x_wconf 90' lang='lat' dir='ltr'>p.</span> <span class='ocrx_word' id='word_1_83' title='bbox 356 1542 483 1607; x_wconf 72' lang='lat'>16-17</span> <span class='ocrx_word' id='word_1_84' title='bbox 506 1541 586 1607; x_wconf 89' lang='lat' dir='ltr'>illud</span> <span class='ocrx_word' id='word_1_85' title='bbox 610 1544 642 1605; x_wconf 89' lang='lat' dir='ltr'>et</span> <span class='ocrx_word' id='word_1_86' title='bbox 664 1538 823 1617; x_wconf 85' lang='lat' dir='ltr'>defendit,</span> <span class='ocrx_word' id='word_1_87' title='bbox 853 1540 908 1605; x_wconf 89' lang='lat' dir='ltr'>sed</span> <span class='ocrx_word' id='word_1_88' title='bbox 930 1543 1037 1607; x_wconf 83' lang='lat' dir='ltr'>nescio</span> <span class='ocrx_word' id='word_1_89' title='bbox 1060 1565 1101 1606; x_wconf 88' lang='lat' dir='ltr'>an</span> <span class='ocrx_word' id='word_1_90' title='bbox 1125 1567 1192 1611; x_wconf 92' lang='lat' dir='ltr'>non</span> 
     </span>
     <span class='ocr_line' id='line_1_13' title="bbox 103 1644 1189 1729; baseline 0.005 -20"><span class='ocrx_word' id='word_1_91' title='bbox 103 1644 181 1710; x_wconf 86' lang='lat' dir='ltr'>satis</span> <span class='ocrx_word' id='word_1_92' title='bbox 204 1646 309 1710; x_wconf 87' lang='lat' dir='ltr'>recte:</span> <span class='ocrx_word' id='word_1_93' title='bbox 335 1671 465 1710; x_wconf 83' lang='lat'><strong>......</strong></span> <span class='ocrx_word' id='word_1_94' title='bbox 479 1645 550 1711; x_wconf 86' lang='lat' dir='ltr'>Mea</span> <span class='ocrx_word' id='word_1_95' title='bbox 574 1644 703 1729; x_wconf 89' lang='lat' dir='ltr'>quidem</span> <span class='ocrx_word' id='word_1_96' title='bbox 726 1645 887 1709; x_wconf 85' lang='lat' dir='ltr'>sententia</span> <span class='ocrx_word' id='word_1_97' title='bbox 909 1644 988 1710; x_wconf 89' lang='lat' dir='ltr'>haee</span> <span class='ocrx_word' id='word_1_98' title='bbox 1011 1650 1060 1711; x_wconf 89' lang='lat' dir='ltr'>est</span> <span class='ocrx_word' id='word_1_99' title='bbox 1074 1649 1189 1714; x_wconf 84' lang='lat' dir='ltr'>verbo·</span> 
     </span>
     <span class='ocr_line' id='line_1_14' title="bbox 107 1747 1190 1835; baseline 0.006 -22"><span class='ocrx_word' id='word_1_100' title='bbox 107 1769 179 1813; x_wconf 90' lang='lat' dir='ltr'>rum</span> <span class='ocrx_word' id='word_1_101' title='bbox 201 1749 412 1834; x_wconf 82' lang='lat' dir='ltr'>significatio:</span> <span class='ocrx_word' id='word_1_102' title='bbox 435 1747 532 1814; x_wconf 89' lang='lat' dir='ltr'>Nunc</span> <span class='ocrx_word' id='word_1_103' title='bbox 553 1751 682 1814; x_wconf 92' lang='lat' dir='ltr'>demum</span> <span class='ocrx_word' id='word_1_104' title='bbox 704 1749 787 1815; x_wconf 90' lang='lat' dir='ltr'>redit</span> <span class='ocrx_word' id='word_1_105' title='bbox 810 1750 946 1835; x_wconf 89' lang='lat' dir='ltr'>animus,</span> <span class='ocrx_word' id='word_1_106' title='bbox 967 1753 1000 1816; x_wconf 93' lang='lat' dir='ltr'>et</span> <span class='ocrx_word' id='word_1_107' title='bbox 1019 1752 1105 1817; x_wconf 90' lang='lat' dir='ltr'>nihil</span> <span class='ocrx_word' id='word_1_108' title='bbox 1124 1754 1190 1820; x_wconf 89' lang='lat' dir='ltr'>iam</span> 
     </span>
     <span class='ocr_line' id='line_1_15' title="bbox 107 1853 1189 1940; baseline 0.006 -23"><span class='ocrx_word' id='word_1_109' title='bbox 107 1853 250 1938; x_wconf 90' lang='lat' dir='ltr'>impedit,</span> <span class='ocrx_word' id='word_1_110' title='bbox 274 1856 447 1939; x_wconf 85' lang='lat' dir='ltr'>quominus</span> <span class='ocrx_word' id='word_1_111' title='bbox 471 1855 604 1940; x_wconf 86' lang='lat' dir='ltr'>ingenia</span> <span class='ocrx_word' id='word_1_112' title='bbox 626 1855 795 1938; x_wconf 85' lang='lat' dir='ltr'>studiaque</span> <span class='ocrx_word' id='word_1_113' title='bbox 818 1877 1022 1934; x_wconf 84' lang='lat' dir='ltr'>revocemus;</span> <span class='ocrx_word' id='word_1_114' title='bbox 1054 1858 1108 1923; x_wconf 79' lang='lat' dir='ltr'>aed</span> <span class='ocrx_word' id='word_1_115' title='bbox 1140 1861 1189 1923; x_wconf 88' lang='lat' dir='ltr'>est</span> 
     </span>
     <span class='ocr_line' id='line_1_16' title="bbox 105 1956 1189 2040; baseline 0.008 -20"><span class='ocrx_word' id='word_1_116' title='bbox 105 1956 183 2023; x_wconf 85' lang='lat' dir='ltr'>haec</span> <span class='ocrx_word' id='word_1_117' title='bbox 206 1959 404 2025; x_wconf 86' lang='lat' dir='ltr'>infirmitatis</span> <span class='ocrx_word' id='word_1_118' title='bbox 415 1959 574 2024; x_wconf 87' lang='lat' dir='ltr'>humanae</span> <span class='ocrx_word' id='word_1_119' title='bbox 589 1963 716 2040; x_wconf 86' lang='lat' dir='ltr'>natura,</span> <span class='ocrx_word' id='word_1_120' title='bbox 738 1962 776 2022; x_wconf 92' lang='grc' dir='ltr'>ιιι</span> <span class='ocrx_word' id='word_1_121' title='bbox 798 1961 937 2025; x_wconf 85' lang='lat' dir='ltr'>remedia</span> <span class='ocrx_word' id='word_1_122' title='bbox 959 1962 1101 2027; x_wconf 82' lang='lat' dir='ltr'>tardiora</span> <span class='ocrx_word' id='word_1_123' title='bbox 1122 1965 1189 2031; x_wconf 82' lang='lat' dir='ltr'>sint</span> 
     </span>
     <span class='ocr_line' id='line_1_17' title="bbox 107 2063 1188 2150; baseline 0.008 -23"><span class='ocrx_word' id='word_1_124' title='bbox 107 2083 202 2146; x_wconf 85' lang='lat' dir='ltr'>quam</span> <span class='ocrx_word' id='word_1_125' title='bbox 224 2064 310 2129; x_wconf 85' lang='lat' dir='ltr'>mala</span> <span class='ocrx_word' id='word_1_126' title='bbox 332 2067 366 2129; x_wconf 87' lang='lat' dir='ltr'>et</span> <span class='ocrx_word' id='word_1_127' title='bbox 387 2065 492 2130; x_wconf 86' lang='lat' dir='ltr'>invisa</span> <span class='ocrx_word' id='word_1_128' title='bbox 516 2065 656 2150; x_wconf 89' lang='lat' dir='ltr'>primum</span> <span class='ocrx_word' id='word_1_129' title='bbox 687 2063 806 2129; x_wconf 86' lang='lat' dir='ltr'>desidia</span> <span class='ocrx_word' id='word_1_130' title='bbox 828 2071 990 2149; x_wconf 87' lang='lat' dir='ltr'>postremo</span> <span class='ocrx_word' id='word_1_131' title='bbox 1013 2072 1138 2134; x_wconf 89' lang='lat' dir='ltr'>ametur</span> <span class='ocrx_word' id='word_1_132' title='bbox 1160 2091 1188 2136; x_wconf 90' lang='lat' dir='ltr'>e.</span> 
     </span>
     <span class='ocr_line' id='line_1_18' title="bbox 104 2168 1188 2257; baseline 0.006 -24"><span class='ocrx_word' id='word_1_133' title='bbox 104 2187 135 2250; x_wconf 91' lang='lat' dir='ltr'>q.</span> <span class='ocrx_word' id='word_1_134' title='bbox 159 2189 216 2247; x_wconf 75' lang='lat' dir='ltr'>a«,</span> <span class='ocrx_word' id='word_1_135' title='bbox 241 2170 292 2234; x_wconf 88' lang='lat' dir='ltr'>oui</span> <span class='ocrx_word' id='word_1_136' title='bbox 315 2168 589 2255; x_wconf 82' lang='lat' dir='ltr'>interpretationi,</span> <span class='ocrx_word' id='word_1_137' title='bbox 612 2170 646 2234; x_wconf 88' lang='lat' dir='ltr'>si</span> <span class='ocrx_word' id='word_1_138' title='bbox 669 2190 777 2234; x_wconf 88' lang='lat' dir='ltr'>nuno</span> <span class='ocrx_word' id='word_1_139' title='bbox 799 2169 976 2254; x_wconf 85' lang='lat' dir='ltr'>denique</span> <span class='ocrx_word' id='word_1_140' title='bbox 999 2171 1188 2257; x_wconf 74' lang='lat' dir='ltr'>legeremuS,</span> 
     </span>
     <span class='ocr_line' id='line_1_19' title="bbox 104 2272 1189 2344; baseline 0.009 -9"><span class='ocrx_word' id='word_1_141' title='bbox 104 2292 170 2336; x_wconf 90' lang='lat' dir='ltr'>non</span> <span class='ocrx_word' id='word_1_142' title='bbox 193 2273 376 2339; x_wconf 84' lang='lat' dir='ltr'>dubitarem</span> <span class='ocrx_word' id='word_1_143' title='bbox 398 2275 555 2339; x_wconf 87' lang='lat' dir='ltr'>accedere.</span> <span class='ocrx_word' id='word_1_144' title='bbox 581 2310 623 2322; x_wconf 93' lang='grc'>-</span> <span class='ocrx_word' id='word_1_145' title='bbox 646 2272 785 2339; x_wconf 83' lang='lat' dir='ltr'>Nerva</span> <span class='ocrx_word' id='word_1_146' title='bbox 806 2273 955 2339; x_wconf 78' lang='lat' dir='ltr'>Caesar</span> <span class='ocrx_word' id='word_1_147' title='bbox 978 2324 1068 2342; x_wconf 90' lang='grc'><strong>.....</strong></span> <span class='ocrx_word' id='word_1_148' title='bbox 1091 2279 1189 2344; x_wconf 91' lang='lat' dir='ltr'>liber·</span> 
     </span>
     <span class='ocr_line' id='line_1_20' title="bbox 104 2377 1188 2459; baseline 0.01 -20"><span class='ocrx_word' id='word_1_149' title='bbox 104 2377 246 2441; x_wconf 85' lang='lat' dir='ltr'>tatem.</span> <span class='ocrx_word' id='word_1_150' title='bbox 301 2379 375 2446; x_wconf 87' lang='lat' dir='ltr'>Vid.</span> <span class='ocrx_word' id='word_1_151' title='bbox 398 2378 593 2445; x_wconf 87' lang='lat' dir='ltr'>Huebnerus</span> <span class='ocrx_word' id='word_1_152' title='bbox 627 2378 767 2444; x_wconf 87' lang='lat' dir='ltr'>Hermae</span> <span class='ocrx_word' id='word_1_153' title='bbox 789 2379 814 2459; x_wconf 94' lang='lat' dir='ltr'>I,</span> <span class='ocrx_word' id='word_1_154' title='bbox 837 2379 901 2444; x_wconf 85' lang='lat'>442</span> <span class='ocrx_word' id='word_1_155' title='bbox 935 2384 1046 2446; x_wconf 88' lang='lat' dir='ltr'>annot.</span> <span class='ocrx_word' id='word_1_156' title='bbox 1069 2385 1102 2447; x_wconf 86' lang='lat' dir='ltr'>et</span> <span class='ocrx_word' id='word_1_157' title='bbox 1125 2383 1188 2450; x_wconf 89' lang='lat' dir='ltr'>Ur-</span> 
     </span>
     <span class='ocr_line' id='line_1_21' title="bbox 104 2479 539 2570; baseline 0.011 -26"><span class='ocrx_word' id='word_1_158' title='bbox 104 2479 237 2546; x_wconf 84' lang='lat' dir='ltr'>lichsius</span> <span class='ocrx_word' id='word_1_159' title='bbox 259 2486 430 2549; x_wconf 83' lang='lat' dir='ltr'>comment.</span> <span class='ocrx_word' id='word_1_160' title='bbox 454 2507 485 2570; x_wconf 91' lang='lat' dir='ltr'>p.</span> <span class='ocrx_word' id='word_1_161' title='bbox 510 2484 539 2549; x_wconf 79' lang='lat'>7.</span> 
     </span>
    </p>

    <p class='ocr_par' dir='ltr' id='par_1_4' title="bbox 100 2590 1201 4350">
     <span class='ocr_line' id='line_1_22' title="bbox 188 2590 1186 2673; baseline 0.006 -21"><span class='ocrx_word' id='word_1_162' title='bbox 188 2607 257 2653; x_wconf 89' lang='lat' dir='ltr'>nec</span> <span class='ocrx_word' id='word_1_163' title='bbox 292 2609 394 2671; x_wconf 79' lang='lat' dir='ltr'>apem</span> <span class='ocrx_word' id='word_1_164' title='bbox 426 2594 532 2655; x_wconf 84' lang='lat' dir='ltr'>modo</span> <span class='ocrx_word' id='word_1_165' title='bbox 566 2608 610 2654; x_wconf 86' lang='grc' dir='ltr'>ιο</span> <span class='ocrx_word' id='word_1_166' title='bbox 640 2594 772 2654; x_wconf 85' lang='lat' dir='ltr'>votum</span> <span class='ocrx_word' id='word_1_167' title='bbox 794 2610 820 2654; x_wconf 91' lang='lat' dir='ltr'>e.</span> <span class='ocrx_word' id='word_1_168' title='bbox 844 2610 876 2673; x_wconf 90' lang='lat' dir='ltr'>q.</span> <span class='ocrx_word' id='word_1_169' title='bbox 900 2612 926 2655; x_wconf 85' lang='lat' dir='ltr'>s.</span> <span class='ocrx_word' id='word_1_170' title='bbox 981 2590 1186 2658; x_wconf 82' lang='lat' dir='ltr'>Dissentiunt</span> 
     </span>
     <span class='ocr_line' id='line_1_23' title="bbox 105 2688 1191 2785; baseline 0.009 -29"><span class='ocrx_word' id='word_1_171' title='bbox 105 2688 298 2777; x_wconf 81' lang='lat' dir='ltr'>interpretes</span> <span class='ocrx_word' id='word_1_172' title='bbox 321 2695 355 2758; x_wconf 93' lang='lat' dir='ltr'>in</span> <span class='ocrx_word' id='word_1_173' title='bbox 381 2694 594 2780; x_wconf 84' lang='lat' dir='ltr'>explicatione</span> <span class='ocrx_word' id='word_1_174' title='bbox 617 2692 706 2759; x_wconf 81' lang='lat' dir='ltr'>vocis</span> <span class='ocrx_word' id='word_1_175' title='bbox 727 2696 833 2771; x_wconf 86' lang='lat' dir='ltr'>robur,</span> <span class='ocrx_word' id='word_1_176' title='bbox 865 2715 960 2778; x_wconf 88' lang='lat' dir='ltr'>quam</span> <span class='ocrx_word' id='word_1_177' title='bbox 993 2696 1049 2761; x_wconf 86' lang='lat' dir='ltr'>alii</span> <span class='ocrx_word' id='word_1_178' title='bbox 1071 2698 1112 2763; x_wconf 89' lang='lat' dir='ltr'>ad</span> <span class='ocrx_word' id='word_1_179' title='bbox 1134 2721 1191 2785; x_wconf 81' lang='lat' dir='ltr'>ge·</span> 
     </span>
     <span class='ocr_line' id='line_1_24' title="bbox 100 2796 1188 2889; baseline 0.008 -28"><span class='ocrx_word' id='word_1_180' title='bbox 100 2797 246 2863; x_wconf 82' lang='lat' dir='ltr'>nativum</span> <span class='ocrx_word' id='word_1_181' title='bbox 260 2799 326 2864; x_wconf 82' lang='lat' dir='ltr'>voti</span> <span class='ocrx_word' id='word_1_182' title='bbox 345 2796 554 2876; x_wconf 87' lang='lat' dir='ltr'>referendam,</span> <span class='ocrx_word' id='word_1_183' title='bbox 578 2798 634 2862; x_wconf 89' lang='lat' dir='ltr'>alii</span> <span class='ocrx_word' id='word_1_184' title='bbox 658 2818 730 2862; x_wconf 91' lang='lat' dir='ltr'>cum</span> <span class='ocrx_word' id='word_1_185' title='bbox 753 2798 935 2864; x_wconf 84' lang='lat' dir='ltr'>accusativo</span> <span class='ocrx_word' id='word_1_186' title='bbox 959 2800 1106 2867; x_wconf 86' lang='lat' dir='ltr'>fiduciam</span> <span class='ocrx_word' id='word_1_187' title='bbox 1129 2826 1188 2889; x_wconf 90' lang='lat' dir='ltr'>per</span> 
     </span>
     <span class='ocr_line' id='line_1_25' title="bbox 102 2898 1187 2993; baseline 0.006 -27"><span class='ocrx_word' id='word_1_188' title='bbox 102 2898 317 2986; x_wconf 81' lang='lat' dir='ltr'>hendiadyoin</span> <span class='ocrx_word' id='word_1_189' title='bbox 342 2925 438 2988; x_wconf 86' lang='lat' dir='ltr'>quarn</span> <span class='ocrx_word' id='word_1_190' title='bbox 462 2904 575 2969; x_wconf 88' lang='lat' dir='ltr'>dicunt</span> <span class='ocrx_word' id='word_1_191' title='bbox 597 2902 734 2987; x_wconf 83' lang='lat' dir='ltr'>figuram</span> <span class='ocrx_word' id='word_1_192' title='bbox 749 2902 964 2982; x_wconf 86' lang='lat' dir='ltr'>coniunctam,</span> <span class='ocrx_word' id='word_1_193' title='bbox 987 2905 1094 2988; x_wconf 82' lang='lat' dir='ltr'>aliide</span> <span class='ocrx_word' id='word_1_194' title='bbox 1107 2910 1187 2993; x_wconf 82' lang='lat' dir='ltr'>ipsa</span> 
     </span>
     <span class='ocr_line' id='line_1_26' title="bbox 102 3007 1187 3096; baseline 0.003 -22"><span class='ocrx_word' id='word_1_195' title='bbox 102 3007 274 3074; x_wconf 72' lang='lat' dir='ltr'>securitate</span> <span class='ocrx_word' id='word_1_196' title='bbox 297 3008 427 3092; x_wconf 82' lang='lat' dir='ltr'>publiea</span> <span class='ocrx_word' id='word_1_197' title='bbox 449 3007 700 3094; x_wconf 85' lang='lat' dir='ltr'>intellegendam</span> <span class='ocrx_word' id='word_1_198' title='bbox 723 3028 790 3072; x_wconf 81' lang='lat' dir='ltr'>esse</span> <span class='ocrx_word' id='word_1_199' title='bbox 813 3010 954 3073; x_wconf 83' lang='lat' dir='ltr'>censent.</span> <span class='ocrx_word' id='word_1_200' title='bbox 999 3008 1061 3075; x_wconf 84' lang='lat' dir='ltr'>Sed</span> <span class='ocrx_word' id='word_1_201' title='bbox 1082 3013 1187 3096; x_wconf 87' lang='lat' dir='ltr'>prima</span> 
     </span>
     <span class='ocr_line' id='line_1_27' title="bbox 102 3109 1187 3197; baseline 0.006 -22"><span class='ocrx_word' id='word_1_202' title='bbox 102 3109 329 3196; x_wconf 86' lang='lat' dir='ltr'>interpretatio</span> <span class='ocrx_word' id='word_1_203' title='bbox 341 3113 473 3178; x_wconf 89' lang='lat' dir='ltr'>minime</span> <span class='ocrx_word' id='word_1_204' title='bbox 492 3113 635 3178; x_wconf 92' lang='lat' dir='ltr'>omnium</span> <span class='ocrx_word' id='word_1_205' title='bbox 659 3111 836 3197; x_wconf 83' lang='lat' dir='ltr'>probabilis</span> <span class='ocrx_word' id='word_1_206' title='bbox 858 3111 939 3177; x_wconf 93' lang='lat' dir='ltr'>mihi</span> <span class='ocrx_word' id='word_1_207' title='bbox 962 3113 1105 3194; x_wconf 82' lang='lat' dir='ltr'>videtur3</span> <span class='ocrx_word' id='word_1_208' title='bbox 1128 3139 1187 3183; x_wconf 90' lang='lat' dir='ltr'>neo</span> 
     </span>
     <span class='ocr_line' id='line_1_28' title="bbox 102 3215 1188 3301; baseline 0.006 -20"><span class='ocrx_word' id='word_1_209' title='bbox 102 3215 188 3281; x_wconf 86' lang='lat' dir='ltr'>enim</span> <span class='ocrx_word' id='word_1_210' title='bbox 213 3238 355 3301; x_wconf 90' lang='lat' dir='ltr'>unquam</span> <span class='ocrx_word' id='word_1_211' title='bbox 378 3217 646 3282; x_wconf 83' lang='lat' dir='ltr'>aLatinisrobur</span> <span class='ocrx_word' id='word_1_212' title='bbox 667 3217 736 3281; x_wconf 85' lang='lat' dir='ltr'>voti</span> <span class='ocrx_word' id='word_1_213' title='bbox 758 3217 879 3281; x_wconf 88' lang='lat' dir='ltr'>dietum</span> <span class='ocrx_word' id='word_1_214' title='bbox 901 3238 968 3284; x_wconf 84' lang='lat' dir='ltr'>esse</span> <span class='ocrx_word' id='word_1_215' title='bbox 993 3219 1098 3299; x_wconf 89' lang='lat' dir='ltr'>credo,</span> <span class='ocrx_word' id='word_1_216' title='bbox 1120 3243 1188 3287; x_wconf 90' lang='lat' dir='ltr'>non</span> 
     </span>
     <span class='ocr_line' id='line_1_29' title="bbox 102 3320 1187 3406; baseline 0.007 -22"><span class='ocrx_word' id='word_1_217' title='bbox 102 3321 206 3406; x_wconf 83' lang='lat' dir='ltr'>magis</span> <span class='ocrx_word' id='word_1_218' title='bbox 227 3344 322 3406; x_wconf 91' lang='lat' dir='ltr'>quam</span> <span class='ocrx_word' id='word_1_219' title='bbox 345 3324 514 3389; x_wconf 84' lang='lat' dir='ltr'>robustum</span> <span class='ocrx_word' id='word_1_220' title='bbox 536 3324 647 3387; x_wconf 88' lang='lat' dir='ltr'>votum</span> <span class='ocrx_word' id='word_1_221' title='bbox 673 3320 756 3386; x_wconf 86' lang='lat' dir='ltr'>siout</span> <span class='ocrx_word' id='word_1_222' title='bbox 785 3323 932 3385; x_wconf 83' lang='lat' dir='ltr'>nostrum</span> <span class='ocrx_word' id='word_1_223' title='bbox 965 3322 1037 3387; x_wconf 85' lang='lat' dir='ltr'>»ein</span> <span class='ocrx_word' id='word_1_224' title='bbox 1060 3326 1187 3392; x_wconf 82' lang='lat' dir='ltr'>starker</span> 
     </span>
     <span class='ocr_line' id='line_1_30' title="bbox 101 3422 1187 3516; baseline 0.006 -26"><span class='ocrx_word' id='word_1_225' title='bbox 101 3422 288 3506; x_wconf 78' lang='lat' dir='ltr'>Wunsoh«,</span> <span class='ocrx_word' id='word_1_226' title='bbox 328 3450 410 3514; x_wconf 87' lang='lat' dir='ltr'>quae</span> <span class='ocrx_word' id='word_1_227' title='bbox 443 3430 533 3493; x_wconf 90' lang='lat' dir='ltr'>notio</span> <span class='ocrx_word' id='word_1_228' title='bbox 558 3428 633 3511; x_wconf 90' lang='lat' dir='ltr'>quia</span> <span class='ocrx_word' id='word_1_229' title='bbox 656 3426 852 3516; x_wconf 80' lang='lat' dir='ltr'>significaret</span> <span class='ocrx_word' id='word_1_230' title='bbox 872 3427 929 3489; x_wconf 85' lang='lat' dir='ltr'>aut</span> <span class='ocrx_word' id='word_1_231' title='bbox 953 3428 1026 3491; x_wconf 79' lang='lat' dir='ltr'>&gt;ein</span> <span class='ocrx_word' id='word_1_232' title='bbox 1047 3429 1187 3497; x_wconf 73' lang='lat' dir='ltr'>trefae-</span> 
     </span>
     <span class='ocr_line' id='line_1_31' title="bbox 101 3530 1188 3617; baseline 0.007 -22"><span class='ocrx_word' id='word_1_233' title='bbox 101 3531 240 3615; x_wconf 79' lang='lat' dir='ltr'>griindet</span> <span class='ocrx_word' id='word_1_234' title='bbox 241 3555 277 3598; x_wconf 90' lang='lat' dir='ltr'>er</span> <span class='ocrx_word' id='word_1_235' title='bbox 226 3531 466 3598; x_wconf 78' lang='lat' dir='ltr'>thnech«</span> <span class='ocrx_word' id='word_1_236' title='bbox 492 3536 588 3598; x_wconf 84' lang='lat' dir='ltr'>aut»</span> <span class='ocrx_word' id='word_1_237' title='bbox 573 3533 645 3598; x_wconf 83' lang='lat' dir='ltr'>»ein</span> <span class='ocrx_word' id='word_1_238' title='bbox 668 3531 731 3596; x_wconf 84' lang='lat' dir='ltr'>ties</span> <span class='ocrx_word' id='word_1_239' title='bbox 750 3531 877 3617; x_wconf 80' lang='lat' dir='ltr'>gefiihlt</span> <span class='ocrx_word' id='word_1_240' title='bbox 878 3552 913 3594; x_wconf 87' lang='lat' dir='ltr'>er</span> <span class='ocrx_word' id='word_1_241' title='bbox 934 3530 1114 3615; x_wconf 78' lang='lat' dir='ltr'>Wunsch«,</span> <span class='ocrx_word' id='word_1_242' title='bbox 1136 3559 1188 3602; x_wconf 90' lang='lat' dir='ltr'>re·</span> 
     </span>
     <span class='ocr_line' id='line_1_32' title="bbox 102 3633 1187 3724; baseline 0.005 -24"><span class='ocrx_word' id='word_1_243' title='bbox 102 3638 294 3721; x_wconf 83' lang='lat' dir='ltr'>pugnaret</span> <span class='ocrx_word' id='word_1_244' title='bbox 284 3660 417 3724; x_wconf 82' lang='lat' dir='ltr'>rnsuper</span> <span class='ocrx_word' id='word_1_245' title='bbox 439 3638 617 3704; x_wconf 82' lang='lat' dir='ltr'>sententiae</span> <span class='ocrx_word' id='word_1_246' title='bbox 641 3636 741 3700; x_wconf 86' lang='lat' dir='ltr'>totius</span> <span class='ocrx_word' id='word_1_247' title='bbox 766 3633 937 3699; x_wconf 85' lang='lat' dir='ltr'>enuntiati</span> <span class='ocrx_word' id='word_1_248' title='bbox 992 3634 1145 3723; x_wconf 88' lang='lat' dir='ltr'>Neqne&#39;</span> <span class='ocrx_word' id='word_1_249' title='bbox 1136 3662 1187 3705; x_wconf 92' lang='grc' dir='ltr'>ιιι-</span> 
     </span>
     <span class='ocr_line' id='line_1_33' title="bbox 101 3740 1188 3826; baseline 0.005 -20"><span class='ocrx_word' id='word_1_250' title='bbox 101 3741 221 3825; x_wconf 84' lang='lat' dir='ltr'>tellego</span> <span class='ocrx_word' id='word_1_251' title='bbox 258 3743 419 3826; x_wconf 91' lang='lat' dir='ltr'>quomodo</span> <span class='ocrx_word' id='word_1_252' title='bbox 443 3742 587 3808; x_wconf 84' lang='lat' dir='ltr'>Kritziue</span> <span class='ocrx_word' id='word_1_253' title='bbox 619 3741 737 3806; x_wconf 91' lang='lat' dir='ltr'>robur</span> <span class='ocrx_word' id='word_1_254' title='bbox 771 3740 839 3804; x_wconf 87' lang='lat' dir='ltr'>voti</span> <span class='ocrx_word' id='word_1_255' title='bbox 869 3760 952 3820; x_wconf 81' lang='lat' dir='ltr'>esse,</span> <span class='ocrx_word' id='word_1_256' title='bbox 987 3742 1043 3807; x_wconf 92' lang='lat' dir='ltr'>ubi</span> <span class='ocrx_word' id='word_1_257' title='bbox 1075 3747 1131 3811; x_wconf 82' lang='lat' dir='ltr'>vot</span> <span class='ocrx_word' id='word_1_258' title='bbox 1133 3766 1188 3810; x_wconf 90' lang='lat' dir='ltr'>um</span> 
     </span>
     <span class='ocr_line' id='line_1_34' title="bbox 102 3844 1188 3937; baseline 0.008 -29"><span class='ocrx_word' id='word_1_259' title='bbox 102 3845 166 3908; x_wconf 92' lang='lat' dir='ltr'>iam</span> <span class='ocrx_word' id='word_1_260' title='bbox 199 3847 305 3909; x_wconf 89' lang='lat' dir='ltr'>ratum</span> <span class='ocrx_word' id='word_1_261' title='bbox 349 3845 565 3914; x_wconf 67' lang='lat' dir='ltr'>factumest«</span> <span class='ocrx_word' id='word_1_262' title='bbox 614 3846 675 3911; x_wconf 86' lang='lat' dir='ltr'>sibi</span> <span class='ocrx_word' id='word_1_263' title='bbox 710 3844 921 3930; x_wconf 82' lang='lat' dir='ltr'>persuaserit,</span> <span class='ocrx_word' id='word_1_264' title='bbox 955 3849 1052 3930; x_wconf 88' lang='lat' dir='ltr'>atque</span> <span class='ocrx_word' id='word_1_265' title='bbox 1083 3853 1188 3937; x_wconf 82' lang='lat' dir='ltr'>magis</span> 
     </span>
     <span class='ocr_line' id='line_1_35' title="bbox 102 3950 1187 4035; baseline 0.007 -20"><span class='ocrx_word' id='word_1_266' title='bbox 102 3950 198 4015; x_wconf 84' lang='lat' dir='ltr'>etiam</span> <span class='ocrx_word' id='word_1_267' title='bbox 222 3951 321 4015; x_wconf 90' lang='lat' dir='ltr'>miror</span> <span class='ocrx_word' id='word_1_268' title='bbox 344 3951 430 4035; x_wconf 91' lang='lat' dir='ltr'>quod</span> <span class='ocrx_word' id='word_1_269' title='bbox 453 3951 593 4017; x_wconf 84' lang='lat' dir='ltr'>Rothius</span> <span class='ocrx_word' id='word_1_270' title='bbox 615 3951 714 4016; x_wconf 84' lang='lat' dir='ltr'>verba</span> <span class='ocrx_word' id='word_1_271' title='bbox 736 3950 792 4014; x_wconf 83' lang='lat' dir='ltr'>illa</span> <span class='ocrx_word' id='word_1_272' title='bbox 815 3950 977 4014; x_wconf 84' lang='lat' dir='ltr'>convertit</span> <span class='ocrx_word' id='word_1_273' title='bbox 983 3956 1109 4023; x_wconf 79' lang='lat' dir='ltr'>;»und</span> <span class='ocrx_word' id='word_1_274' title='bbox 1131 3957 1187 4023; x_wconf 83' lang='lat' dir='ltr'>dae</span> 
     </span>
     <span class='ocr_line' id='line_1_36' title="bbox 102 4051 1189 4143; baseline 0.006 -23"><span class='ocrx_word' id='word_1_275' title='bbox 102 4053 203 4121; x_wconf 80' lang='grc' dir='ltr'>ὃιιιιιι</span> <span class='ocrx_word' id='word_1_276' title='bbox 204 4054 287 4119; x_wconf 92' lang='lat' dir='ltr'>liche</span> <span class='ocrx_word' id='word_1_277' title='bbox 311 4054 494 4121; x_wconf 87' lang='lat' dir='ltr'>Vertrauen</span> <span class='ocrx_word' id='word_1_278' title='bbox 518 4056 609 4120; x_wconf 87' lang='lat' dir='ltr'>nicht</span> <span class='ocrx_word' id='word_1_279' title='bbox 595 4059 692 4118; x_wconf 89' lang='lat' dir='ltr'>tnur</span> <span class='ocrx_word' id='word_1_280' title='bbox 706 4051 917 4139; x_wconf 85' lang='lat' dir='ltr'>Hoffnungen</span> <span class='ocrx_word' id='word_1_281' title='bbox 938 4055 1004 4121; x_wconf 89' lang='lat' dir='ltr'>und</span> <span class='ocrx_word' id='word_1_282' title='bbox 1021 4057 1189 4143; x_wconf 82' lang='lat' dir='ltr'>Wiinsohe&#39;</span> 
     </span>
     <span class='ocr_line' id='line_1_37' title="bbox 101 4157 1188 4245; baseline 0.008 -23"><span class='ocrx_word' id='word_1_283' title='bbox 101 4158 206 4224; x_wconf 72' lang='lat' dir='ltr'>faisen</span> <span class='ocrx_word' id='word_1_284' title='bbox 230 4160 368 4245; x_wconf 83' lang='lat' dir='ltr'>gelernt,</span> <span class='ocrx_word' id='word_1_285' title='bbox 392 4161 533 4226; x_wconf 85' lang='lat' dir='ltr'>sondern</span> <span class='ocrx_word' id='word_1_286' title='bbox 557 4159 640 4223; x_wconf 88' lang='lat' dir='ltr'>auch</span> <span class='ocrx_word' id='word_1_287' title='bbox 655 4157 854 4243; x_wconf 79' lang='lat' dir='ltr'>Biirgschast</span> <span class='ocrx_word' id='word_1_288' title='bbox 877 4158 943 4224; x_wconf 91' lang='lat' dir='ltr'>und</span> <span class='ocrx_word' id='word_1_289' title='bbox 962 4165 1094 4228; x_wconf 78' lang='lat' dir='ltr'>Beotand</span> <span class='ocrx_word' id='word_1_290' title='bbox 1116 4165 1188 4230; x_wconf 89' lang='lat' dir='ltr'>der·</span> 
     </span>
     <span class='ocr_line' id='line_1_38' title="bbox 101 4262 1201 4350; baseline 0.005 -22"><span class='ocrx_word' id='word_1_291' title='bbox 101 4263 211 4329; x_wconf 79' lang='lat' dir='ltr'>selben</span> <span class='ocrx_word' id='word_1_292' title='bbox 235 4265 393 4350; x_wconf 84' lang='lat' dir='ltr'>(voluitne</span> <span class='ocrx_word' id='word_1_293' title='bbox 416 4267 511 4332; x_wconf 90' lang='lat' dir='ltr'>einen</span> <span class='ocrx_word' id='word_1_294' title='bbox 533 4262 720 4331; x_wconf 83' lang='lat' dir='ltr'>Beetand</span> <span class='ocrx_word' id='word_1_295' title='bbox 752 4263 904 4350; x_wconf 68' lang='lat' dir='ltr'>(copiam)</span> <span class='ocrx_word' id='word_1_296' title='bbox 926 4285 979 4330; x_wconf 84' lang='grc' dir='ltr'>ιιι</span> <span class='ocrx_word' id='word_1_297' title='bbox 998 4266 1125 4339; x_wconf 68' lang='lat' dir='ltr'>hereite</span> <span class='ocrx_word' id='word_1_298' title='bbox 1141 4292 1201 4338; x_wconf 57' lang='lat' dir='ltr'>ens,</span> 
     </span>
    </p>
   </div>
   <div class='ocr_carea' id='block_1_4' title="bbox 925 4376 980 4442">
    <p class='ocr_par' dir='ltr' id='par_1_5' title="bbox 925 4376 980 4442">
     <span class='ocr_line' id='line_1_39' title="bbox 925 4376 980 4442; baseline 0 -28"><span class='ocrx_word' id='word_1_299' title='bbox 925 4376 980 4442; x_wconf 51' lang='grc' dir='ltr'>(ὂῆ</span> 
     </span>
    </p>
   </div>
   <div class='ocr_carea' id='block_1_5' title="bbox 0 0 1370 4650">
    <p class='ocr_par' dir='ltr' id='par_1_6' title="bbox 0 0 1370 4650">
     <span class='ocr_line' id='line_1_40' title="bbox 0 0 1370 4650; baseline 0 0"><span class='ocrx_word' id='word_1_300' title='bbox 0 0 1370 4650; x_wconf 95' lang='lat' dir='ltr'> </span> 
     </span>
    </p>
   </div>
  </div>
 </body>
</html>
