2730 4650
655 244 695 320 la

134 424 296 492 crassatio
314 429 393 491 cont
378 423 650 491 traHuebncrum
666 425 776 490 facore
799 425 877 491 mihi
900 425 987 490 videt
972 428 1035 491 ι.ιιι
1072 409 1170 523 llarh
1189 408 1216 491 sl

135 526 266 595 Tacitus
287 526 506 595 laudationem
539 521 715 594 scribere
706 552 742 593 ιιι
752 531 873 594 animo
896 526 1063 622 habuisset
1048 514 1220 625 tearrique
1337 587 1341 601 .

135 630 357 700 aleatoribus
373 635 536 738 expectari
558 635 646 699 sibi
643 636 789 699 conscius
811 634 941 713 fuisset
976 656 1084 699 nonne
1113 635 1164 700 hic
1194 636 1223 700 si

134 740 174 804 de
197 740 363 823 aliquare
385 741 425 804 de
447 761 486 804 eo
515 762 548 804 se
577 760 728 804 excusare
749 739 863 804 debuit
885 741 972 824 quod
993 744 1222 831 argumentum

136 865 155 907 a
180 844 349 928 proposito
372 865 429 908 suo
451 843 683 908 alienissimum
704 847 900 908 tractaturus
922 846 1030 909 esset?
1081 843 1223 909 Nacta

136 970 211 1013 men
245 948 332 1013 aliud
361 939 539 1032 quidquam
561 948 751 1032 depreeatur
774 969 869 1043 quam
893 971 934 1012 ιιι
956 950 1028 1032 quis
1050 929 1223 1012 verborum

137 1053 309 1137 splendore
331 1055 510 1137 suspicetur
533 1075 567 1151 se
589 1074 654 1116 eas
665 1052 868 1117 Britanniae·
875 1053 1107 1145 descriptiones
1128 1046 1223 1152 sup'c·

138 1177 208 1220 rare
231 1155 314 1220 velle
337 1177 417 1240 quas
439 1157 561 1240 priores
581 1157 830 1241 composuerint:
872 1157 1071 1240 Itaquecum
1093 1144 1223 1222 tantum

138 1256 280 1324 absitt
243 1281 264 1322 u
302 1260 390 1343 quod
411 1259 484 1324 Brit
470 1261 601 1324 tanniae
631 1261 710 1325 situs
740 1261 915 1346 populique
939 1262 1064 1326 alibro
1087 1283 1145 1326 auo
1166 1264 1224 1327 ab·

138 1361 292 1428 horreant
313 1358 432 1449 tangat
453 1366 599 1449 quamvis
621 1367 751 1445 leviter,
784 1368 822 1430 ut
853 1368 1045 1448 scriptoribus
1068 1389 1101 1432 se
1123 1361 1225 1431 adnirss

140 1467 268 1534 morans
289 1491 339 1534 ιιι
362 1465 567 1534 Britannicas
591 1491 663 1534 cum
686 1471 747 1535 fide
761 1468 887 1534 radere
898 1468 934 1554 ἰ]
957 1488 991 1534 ιι
1014 1492 1107 1554 posse
1129 1492 1225 1556 prae·

140 1575 242 1653 dicet,
276 1597 317 1638 ne
351 1574 446 1640 nobis
479 1575 610 1658 quidem
646 1568 742 1640 licere
776 1581 855 1659 puto
878 1597 947 1660 cap.
970 1576 1028 1639 illa
1052 1597 1089 1641 se
1110 1576 1226 1641 studiis

140 1680 307 1764 scriptoris
328 1680 575 1764 importunius
566 1683 668 1744 insert
666 1702 774 1742 ιι-
797 1681 830 1744 id
852 1671 939 1765 quod
969 1682 1049 1764 quiri
1070 1681 1225 1746 concedat

140 1781 316 1847 Huebnero
346 1805 411 1848 non
446 1786 574 1848 recusat
559 1783 774 1849 tUrlichsius
796 1785 836 1869 (p
861 1788 954 1868 4)
988 1787 1039 1849 tot
1040 1806 1156 1869 amque
1177 1785 1226 1850 vi

142 1883 224 1950 tarn
234 1891 384 1968 oratorio,
407 1910 475 1953 non
496 1888 647 1952 historico
670 1897 787 1983 genere
800 1891 1012 1975 perscriptam
1026 1911 1092 1979 esse
1108 1890 1226 1954 dicere.

142 1990 203 2056 Sed
227 2013 268 2056 ne
290 1992 353 2056 hoc
375 1984 511 2076 quidem'
527 1993 739 2058 Huebnerum
772 1991 856 2076 fugit
877 1995 962 2076 quod
980 1994 1128 2078 capitum
1150 2012 1227 2078 pro-

143 2097 303 2162 ximarum
326 2098 445 2182 viginti
465 2099 601 2179 duorum
628 2097 786 2182 expositio
815 2098 944 2162 uberior
968 2118 1004 2161 ac
1028 2098 1155 2181 plenior
1176 2100 1227 2163 est
1306 2130 1315 2139 ·

144 2222 240 2285 quam
263 2223 345 2284 quae
366 2202 547 2266 laudationi
558 2200 797 2284 conveniat²4);
821 2223 884 2285 quo
906 2202 1007 2284 magis
1029 2203 1130 2266 miror
1145 2224 1226 2293 ⁸eum

142 2301 297 2369 levandae
332 2306 480 2389 opinioni
515 2327 591 2371 suae
612 2306 685 2374 ,hac
719 2305 910 2389 difficultate
943 2306 1066 2369 nullam
1094 2327 1227 2391 operam

144 2410 277 2474 dedisse.
323 2410 475 2475 Continet
505 2413 612 2474 autem
646 2409 785 2474 maxima
814 2411 872 2474 illa
886 2411 981 2474 uitae
1004 2433 1079 2495 pars
1101 2394 1137 2476 ιι
1155 2412 1227 2476 ιοιι

143 2516 250 2599 capita
283 2518 316 2580 et
352 2516 494 2600 singulos
524 2503 700 2600 permultos
733 2537 845 2579 sensus
866 2515 924 2598 qui
946 2514 986 2578 ab
1008 2518 1137 2604 oratore
1159 2537 1227 2580 non

142 2620 248 2683 minus
282 2610 381 2684 alieni
401 2623 477 2684 sunt
500 2641 595 2703 quam
619 2620 658 2683 ad
681 2617 844 2712 annorum'
868 2618 1012 2683 ordinem
1036 2619 1227 2702 quaefacta

142 2722 382 2809 eatdispositio
403 2725 601 2789 narrationis
622 2725 696 2788 inda
719 2746 735 2786 a
760 2731 831 2806 cap
842 2725 923 2786 20-
927 2723 969 2786 29
992 2724 1128 2787 maxima
1151 2744 1228 2788 con·

143 2829 263 2912 spicua.
310 2827 402 2904 Quod
425 2831 502 2912 quia
523 2831 594 2893 ιοιι
559 2829 684 2893 ιιιιι
707 2829 736 2892 ιι
740 2829 902 2910 tantique
925 2827 1078 2891 historiae
1100 2828 1228 2892 ridetur

144 2932 280 2996 formam
305 2923 492 2998 habere-
520 2955 595 2998 nam
622 2954 660 2997 aa
682 2934 874 3017 argumenta
896 2952 977 3016 quae
1000 2931 1226 2995 enarratione

144 3037 247 3118 petita
268 3034 492 3102 Huebnerus
483 3059 518 3102 m
539 3059 606 3102 rem
632 3056 722 3101 suam
738 3037 900 3101 convertit
921 3035 1004 3101 levia
1027 3057 1096 3100 esse
1117 3035 1227 3113 docuit

215 3314 261 3385 23)
281 3315 358 3371 Gouf.
377 3281 503 3387 aprinio
523 3315 687 3387 ultimoque
713 3316 856 3391 capitibus
881 3331 1011 3384 eaquae
1039 3314 1105 3370 sunt
1130 3311 1228 3367 facta

143 3421 328 3476 morerque
347 3405 503 3476 posteris
516 3406 675 3471 tradere,
695 3405 976 3476 ari-prodendam
993 3401 1146 3459 virtutis
1164 3418 1227 3459 me·
1300 3406 1303 3411 “

142 3493 305 3560 moriam,
324 3493 440 3550 urtam
458 3512 625 3561 narrare
644 3492 951 3551 narraturcmrhr
969 3493 1095 3561 vitam
1124 3495 1230 3567 Agri·

143 3583 219 3638 cola
237 3584 452 3654 posteritati
470 3586 643 3639 narratus
670 3585 707 3640 et
726 3583 903 3649 traditus;
931 3582 1043 3641 tradere
1062 3585 1158 3640 autam
1178 3601 1228 3655 po·

143 3673 225 3728 steris
244 3675 274 3728 et
291 3690 405 3728 narrare
423 3673 552 3728 historici
570 3675 624 3740 est,
649 3690 706 3728 non
724 3671 897 3739 laudatoris,
929 3672 1008 3727 ouius
1027 3673 1070 3728 est
1088 3689 1235 3728 commen·

145 3760 213 3816 dare
230 3763 412 3830 aequalibus,
431 3781 553 3835 augere,
571 3765 712 3819 decorare.
758 3763 818 3830 Quo
836 3761 935 3818 eodem
960 3762 1086 3833 pertinet
1103 3761 1231 3830 Lieberti

144 3850 292 3906 annotatio
310 3852 348 3906 ab
359 3851 502 3908 'Urlichsio
520 3849 661 3924 postren'ro
679 3852 804 3918 laudata,
823 3852 859 3908 de
877 3869 935 3921 qua
952 3851 1001 3907 cfr.
1014 3852 1102 3908 etiam
1120 3869 1181 3923 cap
1192 3852 1229 3906 44

143 3939 273 4009 quodsi
291 3942 462 3997 habitum
480 3959 621 4012 quoque
640 3942 720 3998 eius
738 3941 880 4012 posteri
898 3958 1048 3997 noscere
1065 3942 1195 3998 velint.
1276 3998 1279 4004 ,

214 4030 295 4102 hil»
282 4031 363 4087 »Wie
382 4031 456 4087 denn
474 4027 547 4086 a'uoh
566 4034 624 4086 der
642 4032 835 4098 algentliche
847 4034 939 4085 Korn
956 4033 1015 4084 der
1024 4027 1229 4096 Biographre
1319 4060 1321 4067 ·

171 4160 285 4176 .....
304 4118 377 4192 (cap
389 4120 579 4193 18-39)..
574 4160 670 4181 .....
688 4125 772 4176 nach
781 4124 879 4176 Form
895 4120 951 4176 und
961 4119 1085 4191 Umfang
1098 4118 1169 4221 uber
1180 4117 1232 4195 die

142 4200 220 4267 einer
237 4211 321 4267 Reda
326 4208 480 4283 gesteclrte
499 4209 606 4266 Grenae
623 4204 820 4281 hiraus'gehu.
1286 4222 1294 4232 ·
