2730 4650
620 269 661 333 39

101 459 202 527 annos
224 437 349 503 iuvenis
371 438 435 518 fui,
460 460 547 507 nunc
570 438 609 504 ad
632 439 830 504 senectutem
852 439 944 517 reni3
977 438 1087 519 sedin
1111 438 1188 504 uui-

100 565 244 610 versum:
289 544 346 630 qui
376 546 452 610 ante
485 542 545 608 hoc
577 545 705 628 tempus
734 543 865 609 iuvenes
907 536 1053 622 fuerunt,
1096 566 1184 615 nune

102 650 143 714 ad
164 651 372 720 senectutem.
397 671 488 715 senes
500 649 539 714 ad
552 651 682 716 exactae
696 649 812 715 aetatis
824 650 982 715 terminos
993 651 1182 723 venerunt«.

99 753 151 820 De
183 776 262 821 voce
295 755 467 821 senectutis
498 754 560 819 rid.
589 753 797 821 Woelfflinus
829 753 1182 833 Philol.at,101.-

101 859 211 925 Verba
247 882 301 945 per
322 863 477 927 silentium
499 862 630 925 vertunt
651 861 855 948 schweigend
877 860 1110 950 (Gutmanuus)
1133 864 1184 932 vel

102 965 150 1029 als
172 965 225 1030 ein
245 965 333 1031 Volk
355 966 411 1030 der
423 965 590 1031 Stummen
603 966 785 1051 (Rothius);
808 966 943 1033 Wexius
965 966 1013 1056 (in
1026 969 1075 1034 ed.
1090 968 1184 1054 min.)

102 1070 350 1156 interpretatur:
397 1069 567 1136 »Gemeint
595 1073 637 1137 ist
664 1073 714 1138 die
736 1071 991 1160 Beschriinkung
1013 1074 1070 1140 der
1092 1095 1185 1139 sena·
1238 1104 1241 1116 ·

102 1174 260 1242 torisehen
284 1175 509 1262 Thatigkeir‹;
533 1176 626 1262 plura
641 1177 867 1262 complectitur
879 1179 1051 1264 explicatio
1064 1178 1181 1258 Kritni,

101 1303 183 1368 quae
206 1305 279 1348 cum
300 1282 429 1359 brevem
451 1281 554 1368 ipsius
586 1283 751 1368 scriptoris
773 1265 1024 1369 superlationem
1049 1285 1182 1381 minime

100 1387 190 1453 illam
214 1388 378 1453 insolitam
400 1388 612 1474 (superlatum
624 1388 825 1466 etiamillud
846 1411 983 1456 vocem
1005 1390 1184 1476 perdidi·

101 1515 184 1558 mus
208 1493 289 1578 erat)
311 1492 410 1558 fusius
442 1493 500 1572 sic
521 1493 662 1558 illustret
686 1516 763 1579 »per
786 1516 938 1580 oppressa
959 1495 1091 1580 ingenia
1113 1497 1181 1563 stu·

101 1598 216 1684 diaque
248 1598 415 1685 prohibita
448 1600 528 1665 omui
560 1598 686 1664 dicendi
714 1598 939 1687 scribendique
962 1599 1116 1667 facultate
1146 1602 1180 1666 et

100 1704 349 1769 exercitatione«
361 1754 370 1788 ,
401 1705 598 1789 nequiquam
629 1704 875 1790 reprehenditur
905 1703 1182 1789 aPeerlkampio,

101 1811 167 1895 qui,
189 1809 222 1874 id
245 1809 332 1894 quod
354 1809 533 1875 accuratius
555 1810 685 1896 quidem
706 1813 772 1891 est,
807 1809 1036 1888 »Prohibita«,
1059 1810 1177 1895 inquit,

103 1918 250 1982 stantum
278 1953 317 1965 -
341 1916 505 1982 sentiret«.
551 1915 699 1982 Ceterum
721 1916 865 1984 Kritzius
892 1938 1021 2003 quoque
1047 1916 1084 1986 in
1105 1937 1183 1982 eon·

99 2016 240 2092 ferendis
268 2021 308 2087 iis
338 2042 419 2108 quae
441 2022 570 2087 silentio
598 2022 742 2087 subiecta
764 2027 856 2087 erant
877 2021 941 2087 fori
963 2023 1091 2088 tantum
1114 2023 1182 2087 stu·

100 2130 153 2196 dia
175 2131 208 2194 et
231 2128 374 2199 civilium
396 2127 515 2211 artium
534 2127 628 2193 decus
658 2128 692 2191 in
715 2127 881 2198 silentium
902 2129 975 2192 acta
997 2127 1181 2213 curiamque

99 2235 268 2320 elinguem·
282 2234 458 2307 enumerat.
515 2229 623 2299 Minus
656 2226 742 2299 recte
765 2254 850 2298 nunc
872 2233 911 2299 (16
934 2233 1003 2298 6616
1024 2232 1180 2298 facultate

100 2341 187 2406 vitae
209 2339 367 2407 clarorum
389 2338 532 2404 virorum
554 2335 740 2404 scribendae
761 2338 816 2424 agi
837 2338 1082 2424 Peerlkampius
1103 2359 1180 2403 cen·

99 2447 163 2523 set3
197 2465 272 2509 nam
300 2442 340 2510 ad
369 2445 476 2508 totum
503 2441 691 2510 historicum
712 2464 812 2528 genus
834 2445 996 2531 pertinere
1018 2443 1104 2531 quod
1126 2443 1181 2509 de·

87 2551 247 2638 ploratur
276 2549 438 2616 silentium
471 2549 535 2612 iam
567 2571 585 2615 e
618 2550 773 2636 proximis
803 2549 911 2616 verbis
932 2548 1022 2617 Non
1045 2552 1180 2615 tamen

97 2657 259 2743 pigebit
280 2678 308 2722 e.
323 2678 355 2741 q.
368 2678 392 2723 s.
415 2655 616 2742 intellegitur
638 2655 707 2743 (cfr.
730 2655 831 2741 ipsius
853 2655 1057 2742 Peerlkampi
1079 2654 1119 2723 ad
1141 2675 1180 2721 ea

97 2762 238 2848 annot),
272 2764 370 2846 atque
403 2762 500 2827 etiam
533 2761 637 2828 medio
665 2761 727 2827 hoo
749 2762 854 2846 capite
875 2763 911 2829 iu
931 2763 1118 2827 universum
1139 2761 1180 2826 (16

96 2869 234 2955 ingeniis
255 2868 435 2952 studiisque
455 2867 656 2954 disputatum
677 2870 736 2934 est.
782 2866 880 2947 Quid,
914 2868 942 2933 si
961 2852 1178 2954 ingenuorum

96 2976 277 3042 studiorum
299 2974 492 3058 artiumque,
516 2975 637 3060 quippe
658 2996 740 3059 quae
759 2974 870 3040 multis
890 2974 1072 3040 rationibus
1092 2973 1194 3047 inter,

96 3103 130 3148 se
152 3102 273 3149 conexa
294 3080 407 3145 mutuo
431 3081 570 3164 augeant
591 3101 624 3145 sc
644 3081 864 3164 minuuntque,
887 3101 929 3145 ne
951 3066 1087 3165 possunt
1109 3077 1181 3163 qui·

95 3187 168 3253 dem
190 3185 255 3251 alia
277 3185 419 3270 opprimi
440 3187 514 3253 aut.
531 3185 676 3251 cohiberi
697 3187 744 3250 ita
766 3188 804 3249 ut
825 3186 910 3251 nihil
932 3185 996 3250 alia
1018 3172 1180 3270 decipiant

95 3291 305 3356 detrimenti?
349 3288 454 3365 Quare
477 3293 587 3356 nostro
610 3312 757 3356 sermone
779 3292 825 3355 ita
836 3291 1028 3357 reddiderim
1050 3292 1180 3355 senten·

94 3396 176 3462 tiam
197 3395 304 3460 illam:
350 3391 425 3460 Wie
447 3393 565 3473 ferner,
588 3417 682 3460 wenn
704 3395 789 3461 nach
801 3395 938 3462 Verlauf
957 3417 1021 3461 von
1045 3396 1085 3460 15
1099 3393 1178 3460 Jah-

94 3525 170 3584 ren,
202 3502 309 3568 einem
341 3521 489 3588 grossen.
509 3499 671 3566 Zeitraum
702 3500 747 3565 im
782 3499 1019 3568 menschlichen
1055 3499 1176 3578 Lehen,

94 3607 283 3672 wahrend
300 3607 402 3672 ›viele
423 3605 524 3672 durch
545 3606 598 3673 die
611 3604 1019 3692 SchlitgedesSchiclrsals,
1042 3606 1094 3672 die
1105 3608 1179 3673 ent·
1199 3605 1202 3611 '

94 3710 476 3779 sehlossenstethtnner
498 3712 599 3778 durch
611 3712 663 3778 die
679 3711 906 3778 Grausamkeit
917 3712 972 3778 des
982 3711 1179 3779 Herrschers

92 3817 339 3901 umgekommen
363 3818 472 3897 sind,«
505 3840 603 3885 unser
634 3840 697 3884 nur
724 3818 848 3905 wenige
870 3819 985 3904 »iibrig
1006 3818 1086 3889 sind
1099 3819 1176 3901 und,
1233 3838 1241 3851 ·
1352 3830 1360 3843 '

92 3924 153 3986 wie
174 3920 227 3985 ich
251 3920 338 3985 wohl
360 3942 456 4005 sagen
479 3923 637 4003 mbchte«,
660 3925 754 3990 nicht
776 3947 839 3989 nur
860 3924 912 3990 die
926 3924 1077 4003 anderen,
1102 3946 1176 3989 son·

91 4025 172 4092 dern
191 4024 278 4119 'auch
295 4039 361 4090 'uns
386 4025 645 4093 selbstiiberlebt
657 4028 772 4108 haben,
797 4030 838 4094 ds
858 4050 919 4094 nns
941 4049 999 4102 aus
1011 4028 1067 4094 der
1077 4027 1173 4094 Mitte

89 4126 144 4198 des
166 4128 293 4197 hebens
315 4131 416 4197 soviel
437 4128 538 4196 Jahre
561 4132 700 4218 geranbt
721 4121 813 4219 sind,
842 4135 877 4199 in
901 4134 1005 4209 denen
1027 4132 1087 4200 'wir
1108 4148 1173 4200 uon¹

88 4236 145 4302 der
164 4234 293 4322 Jugend
315 4258 388 4303 zum
409 4236 513 4324 Alter,
536 4258 610 4303 vom
632 4233 727 4302 Alter
749 4237 799 4303 bis
819 4238 895 4303 hart
917 4259 976 4305 ans
994 4237 1088 4321 111616
1110 4238 1167 4305 des
