2730 4650
671 268 711 332 14

147 439 327 506 Urlichsius
348 462 380 526 p.
403 441 441 519 6,
464 459 569 524 neque
591 439 703 504 multis
726 437 897 504 rhetoricis
918 458 1000 522 quae
1023 437 1176 504 dicuntur
1197 438 1236 502 fl-

21 622 32 639 .
147 545 238 630 garis
258 545 293 609 in
307 543 500 630 rAgricola«
525 543 714 608 extantibus
734 541 875 607 efficitur
895 543 1076 607 orationem
1098 541 1236 608 scribere

145 649 283 715 voluisse
296 648 455 727 Tacitum,
477 647 533 732 qui
543 646 642 712 fuerit
663 647 769 712 »inter
780 646 988 712 celeberrima
1005 645 1234 731 ingeniatum«

146 753 198 852 (of.
219 775 252 818 ιι.
276 753 328 837 Π)
350 784 404 831 -·‚
426 752 645 838 quaerendum
668 750 763 828 nobis
783 753 833 815 est
855 749 996 816 facietne
1017 751 1087 837 ipse
1103 749 1236 815 Tacitus

147 857 289 942 aliquam
312 857 510 922 mentionem
532 855 648 921 consili
670 854 758 938 quod
779 857 924 919 secutum
946 876 1020 920 eum
1042 875 1110 920 esse
1123 854 1236 919 Hueb-

145 982 244 1026 uerus
264 960 440 1026 contendit.
484 959 533 1024 Ac
555 960 758 1044 prooemium
780 958 930 1043 quidem,
957 959 1081 1042 inquo
1104 959 1235 1044 potissi-

145 1080 235 1133 mum
258 1065 387 1150 putabis
408 1063 448 1130 de
461 1065 627 1149 proposito
649 1085 723 1128 eum
743 1062 868 1143 dixisse,
892 1083 959 1127 non
969 1062 1065 1127 modo
1089 1063 1234 1128 »nullum

148 1169 310 1234 oratoriae
331 1168 527 1234 laudationis
539 1167 713 1252 vestigium
723 1166 889 1247 exhibet«,
911 1166 967 1232 sed
987 1167 1063 1232 inde
1084 1187 1104 1231 a
1126 1167 1232 1251 primo

146 1294 242 1338 versu
261 1272 307 1337 sic
330 1273 543 1357 compositum
565 1270 646 1335 mihi
669 1270 796 1336 videtur
816 1272 854 1334 ut
870 1269 1019 1336 Tacitum
1040 1270 1171 1336 nonnisi
1193 1271 1233 1336 de

146 1377 216 1446 uita
236 1376 411 1466 Agricolae
433 1375 603 1441 ad-rerum
626 1375 722 1441 fidem
750 1375 918 1440 scribenda
937 1375 1097 1460 cogitasse
1119 1376 1233 1461 negari

146 1484 287 1568 nequeat
315 1481 368 1568 (ef.
390 1504 422 1546 ιι.
446 1482 512 1562 23).
555 1479 611 1546 An
640 1481 718 1565 quid
748 1480 782 1545 in
805 1472 1004 1546 laudationis
1026 1482 1157 1547 exordio
1179 1502 1233 1548 ve·

146 1587 210 1653 liut
230 1586 293 1652 sibi
314 1589 348 1650 et
368 1585 477 1651 omnia
502 1585 559 1650 illa
584 1585 775 1671 de'scriptis
796 1585 957 1649 clarorum
977 1585 1121 1651 uirorum
1144 1587 1231 1663 vitis,

147 1690 187 1757 de
209 1690 405 1778 scriptorum
427 1689 524 1754 variis
545 1687 701 1769 fortunis,
724 1689 762 1754 de
784 1690 973 1774 temporum,
989 1689 1176 1755 condicione
1197 1693 1232 1754 et

146 1796 351 1867 enuntiatum
384 1793 471 1859 istud
504 1814 569 1878 quo
601 1793 742 1878 scriptor
768 1814 853 1860 nova
874 1815 907 1859 sc
929 1815 1044 1879 parare
1064 1795 1230 1860 volumina
1264 1810 1268 1815 ·

147 1899 342 1985 profitetur?
407 1896 531 1964 Venias
553 1899 674 1962 -autem
700 1920 765 1983 qua
799 1898 863 1963 sibi
894 1919 975 1983 opus
1010 1897 1109 1964 fuisse
1145 1899 1229 1964 idem

118 2008 122 2015 ’
146 2002 227 2071 dicit
249 2002 422 2087 explicatio
445 1995 685 2068 Huebneri‘ita
706 2004 892 2088 comparata
916 2006 965 2068 est
986 2004 1025 2067 ut
1046 2004 1168 2089 optime
1190 2025 1231 2067 ex

59 2167 68 2179 ,
147 2128 185 2173 ea
207 2106 359 2192 cognosci
381 2127 474 2191 posse
497 2109 608 2192 putem
636 2108 795 2191 quantum
817 2106 1004 2203 offensionis
1025 2109 1096 2172 tota
1116 2107 1157 2174 V.
1181 2107 1227 2172 01.

146 2210 257 2298 opinio
279 2210 408 2276 habeat.
460 2209 546 2275 Nam
568 2213 606 2275 ut
626 2212 883 2296 praetermittam
905 2211 993 2296 quod
1012 2213 1132 2276 multae
1155 2232 1230 2278 cau-

146 2336 200 2382 sae
222 2315 340 2400 'quibus
362 2317 399 2379 nt
421 2317 547 2400 peteret
576 2316 703 2380 veniam
726 2315 876 2399 Tacitum
904 2315 1076 2381 adductum
1097 2316 1230 2382 finxerit

145 2428 260 2506 parum
281 2420 368 2485 inter
389 2441 422 2484 se
444 2401 649 2499 consentiant
678 2420 783 2504 (aetas
809 2419 969 2486 clarorum
991 2421 1136 2487 virorum
1157 2442 1231 2488 suo·

144 2543 218 2591 rum
238 2523 416 2604 incuriosa;
438 2523 623 2608 ignorantia
644 2523 725 2589 recti
746 2525 780 2588 et
801 2523 923 2589 invidia
941 2559 984 2572 -
1005 2523 1158 2609 Agricola
1179 2524 1229 2590 vir

145 2616 283 2714 maguus
308 2629 362 2693 ille
387 2627 517 2711 quidem
532 2627 600 2692 sed
622 2648 728 2711 neque
750 2628 894 2692 eminens
916 2627 1023 2713 gloria
1048 2630 1081 2694 et
1102 2648 1231 2713 permo-

146 2732 254 2804 destus
276 2768 320 2780 -
343 2754 421 2796 »vor
431 2732 535 2798 ciuem
556 2732 592 2796 in
610 2732 700 2816 jeder
716 2731 904 2816 Beziehung
917 2731 1123 2798 verwbhnten
1146 2733 1229 2818 [per

146 2839 362 2904 silentium
393 2838 616 2921 venimusl]
650 2838 845 2903 Publikumc
880 2875 926 2887 —
959 2837 1053 2903 »weil
1089 2859 1125 2904 er
1156 2839 1228 2905 eine

146 2941 321 3009 Lichtseite
344 2943 400 3008 der
411 2942 523 3008 Dcm1
524 2942 689 3008 ianisohen
702 2941 771 3007 Zeit
782 2942 953 3008 darstellen
965 2942 1121 3008 wrllc
1074 2964 1178 3008 -ce
1179 2943 1229 3028 t),

146 3046 287 3113 millud
308 3048 409 3131 igitur
432 3048 698 3133 praetermittam,
719 3069 848 3131 »neque
871 3069 888 3113 e
910 3047 1055 3113 moribus
1067 3046 1231 3114 Romano-

146 3132 220 3218 rirm
241 3151 340 3215 ulla
330 3173 365 3215 m
387 3150 501 3219 sunere
530 3151 674 3217 defuncti
702 3172 739 3216 ac
766 3151 943 3237 propinqui
974 3150 1115 3217 hominis
1136 3155 1231 3219 venia

148 3277 230 3341 opus
252 3255 385 3320 fuisset«
409 3256 500 3321 etin
527 3256 703 3322 scribendis
728 3256 834 3320 illis»
861 3257 1039 3322 ....als
1060 3254 1231 3343 'lampone

146 3359 340 3427 beruhmten
361 3359 477 3426 Worte
500 3360 628 3426 schrieb
650 3363 692 3425 at
712 3381 987 3449 nunc-opus
1007 3361 1154 3427 fuit..
1179 3411 1187 3424 .

147 3487 183 3533 so
205 3465 319 3531 dachte
342 3486 377 3529 er
399 3464 468 3530 sich
490 3464 577 3529 wohl
597 3450 715 3530 noch
705 3488 740 3530 ιιι
763 3465 814 3531 die
833 3464 884 3530 Sit
869 3467 998 3532 tuation
1020 3465 1076 3531 des
1086 3465 1231 3532 Redners

147 3564 206 3636 ior
226 3571 285 3636 der
296 3568 433 3650 Lerche
454 3568 511 3634 der
532 3569 593 3633 mit
615 3570 688 3636 dem
700 3569 987 3655 nahehegcndsten
1008 3569 1076 3634 und
1097 3570 1232 3637 beinahe

146 3654 431 3740 unvermeidlichst
432 3694 472 3737 en
501 3673 581 3739 aller
602 3670 844 3763 Gemeinplatze
873 3674 982 3738 seinen
1011 3694 1077 3738 von
1096 3672 1233 3739 Kindes·

148 3776 264 3866 pflicht
281 3778 440 3842 diktirten
451 3776 676 3864 Panegyrilrus
697 3775 988 3862 entschuldigt²⁵)‹
1010 3776 1232 3845 demonstrare

149 3881 462 3949 omisitHuebnerus
476 3904 540 3967 qua
561 3883 687 3949 ratione
708 3877 785 3948 talis
806 3881 959 3966 cogitatio
980 3882 1064 3947 mira
1086 3883 1151 3948 iam
1172 3905 1232 3969 per

221 4119 268 4193 25)
286 4119 403 4180 Talibus
420 4119 515 4176 verbis
533 4121 647 4176 etcum
664 4114 933 4199 tali-eduamento
960 4135 1079 4189 »quam
1099 4147 1131 4158 -
1150 4120 1233 4174 tem·

84 4262 89 4267 .
143 4209 268 4278 porat«
287 4211 375 4280 atque
391 4208 507 4280 insuper
525 4208 613 4264 etiam
630 4209 744 4279 praeter
762 4207 977 4281 eaquseeapa
992 4207 1233 4280 exsanguium
