2730 4650
667 272 709 343 20

242 465 359 531 agore
381 451 497 532 digua
522 487 559 497 -
585 456 681 515 erat.
727 450 807 515 Eam
824 447 1032 534 metaphorae
1047 451 1245 518 convenien-

156 554 236 620 tiam
259 577 356 639 quam
367 553 611 640 Peerlkampius
634 561 747 642 poscat
768 553 918 620 aTaeito
942 577 1037 641 saepe
1060 558 1243 642 neglectam

155 682 222 726 esse
255 661 367 725 multia
401 661 554 746 exemplis
587 662 843 727 demonstratur:
879 658 986 728 Germ.
1016 666 1031 725 1
1057 663 1242 728 molliet

156 765 387 831 clementer
422 766 535 830 edito
570 767 725 831 montis
758 768 871 852 iugo;
910 789 962 832 au.
993 773 1011 831 2
1037 769 1077 832 87
1109 775 1243 852 angusta

156 877 188 937 ct
218 874 336 937 lubrica
367 874 478 950 cratim
512 871 552 937 al.
587 874 663 936 suut
694 895 746 957 ap.
779 871 919 958 Spittam
942 896 974 958 p.
998 874 1039 937 80
1062 897 1109 958 sq.
1162 872 1241 940 Jam

154 978 236 1043 mira
259 976 335 1041 mihi
359 977 509 1042 ridentur
532 999 612 1061 quae
644 977 683 1042 de
706 978 858 1042 adverbio
887 999 946 1041 ma
954 977 1015 1063 gis
1041 979 1158 1044 »semel
1180 999 1242 1063 po-

154 1082 216 1148 sito
239 1082 290 1146 bis
314 1081 506 1167 cogitando«
531 1082 586 1147 ille
608 1083 796 1168 explicarit3
828 1084 962 1167 quibus,
997 1084 1023 1148 si
1057 1084 1247 1168 scripsisset·

155 1185 285 1253 Tacitus
306 1188 439 1274 magis
461 1187 505 1252 in
528 1191 677 1273 aperto
701 1210 973 1273 pronumque,
997 1191 1116 1255 nollem
1139 1190 1240 1256 vehe-

153 1296 278 1360 menter
300 1293 529 1373 contradicere,
553 1295 606 1358 sed
630 1293 691 1359 hoc
705 1317 801 1379 quem
823 1295 967 1380 legamus
989 1296 1161 1361 verborum
1185 1319 1241 1363 or·

153 1399 228 1465 dine
257 1421 353 1485 prosa
386 1407 470 1464 certe
504 1400 649 1464 oratione
682 1399 762 1463 illud
792 1401 923 1485 magis
946 1402 1043 1467 semel
1066 1403 1238 1486 cogitando

153 1502 228 1568 addi
252 1525 345 1588 posse
367 1525 497 1589 prorsus
520 1502 665 1592 negoll),
689 1504 775 1569 locos
799 1505 915 1589 quibus
937 1508 1136 1572 contrarium
1160 1529 1239 1573 con·

152 1610 300 1675 vincat-ur
318 1611 409 1674 aride
432 1612 613 1695 expectans.
666 1608 752 1675 Nam
774 1609 905 1676 Sallusti
927 1612 1033 1677 verbis
1056 1612 1141 1697 (Ing.
1167 1610 1235 1701 83),

151 1716 249 1781 etiam
278 1716 306 1779 si
328 1736 405 1781 vera
426 1717 501 1779 sunt
523 1715 606 1779 sicut
629 1737 648 1778 a
670 1714 895 1801 Peerlkampio
918 1715 1153 1801 laudantur34),
1184 1719 1237 1783 in·

151 1820 343 1906 terpretatio
365 1816 421 1884 illa
442 1841 506 1884 non
527 1820 745 1898 confirmatur,
770 1821 923 1904 quoniam
945 1810 1132 1887 adverbium
1148 1845 1232 1909 par·

151 1925 225 1990 tim
262 1947 331 1989 eam
363 1923 463 1988 habet
485 1923 754 2008 significationem
777 1928 814 1988 ut
836 1926 941 2010 ipsum
964 1924 1086 1991 iudicet
1110 1948 1232 1992 essese

150 2031 348 2116 cogitatione
370 2030 589 2114 repetendum.
635 2030 673 2095 ln
696 2031 830 2096 eundem
853 2052 995 2096 errorem
1012 2033 1124 2097 incidit
1136 2031 1174 2098 V.
1188 2032 1229 2097 D.

150 2159 183 2222 p.
202 2138 259 2201 11:
307 2135 409 2199 »Tum
431 2157 505 2220 pop.
519 2135 611 2200 Rom.
636 2174 679 2184 -
701 2135 788 2220 quod
811 2137 883 2201 usui
906 2159 971 2202 uon
995 2140 1170 2223 repugnat«
1196 2138 1228 2201 et

149 2263 181 2326 p.
206 2241 263 2306 18:
311 2240 472 2324 »Repete,
503 2241 656 2320 cirelio,
690 2264 716 2305 e.
742 2263 773 2325 q.
796 2263 842 2305 sc
889 2240 953 2306 Cur
975 2243 1112 2327 denique
1133 2264 1164 2327 p.
1187 2242 1229 2305 20

148 2348 377 2412 memoratu
399 2346 526 2431 digna
550 2347 714 2432 scripserit
736 2368 802 2410 nou
825 2347 998 2433 intelleg03
1034 2371 1106 2413 aum
1136 2367 1231 2432 quem

149 2452 239 2518 codd.
264 2451 420 2518 exhibent
442 2451 586 2516 ordinem
609 2451 754 2516 invenias
777 2453 874 2517 etiam
896 2451 926 2516 h.
950 2458 970 2520 2
992 2454 1051 2517 24:
1082 2453 1232 2518 crebra

147 2557 280 2643 magis
302 2578 416 2641 quam
440 2557 566 2642 digna
588 2559 813 2622 memoratu
836 2558 1004 2642 proelia
1027 2561 1059 2622 et
1074 2557 1160 2623 Dial.
1176 2559 1232 2622 20:

147 2663 303 2731 referre
326 2665 482 2729 domum
504 2664 665 2750 aliquid
692 2664 877 2728 inlustre
900 2666 941 2729 et
963 2664 1130 2750 dignum
1152 2685 1232 2728 me-

147 2771 278 2836 moria
300 2770 456 2835 volunt.

232 2880 281 2941 ad
324 2879 560 2958 prodendam
601 2876 769 2940 virtutis
813 2876 1036 2941 memoriam
1081 2897 1109 2940 e.
1142 2897 1173 2959 q.
1204 2896 1229 2941 s.

146 2976 222 3046 Non
246 2982 315 3046 erat
338 3001 393 3045 our
415 2979 542 3045 Peerlk.
556 3001 665 3046 vocem
689 2980 859 3044 virtutis
882 2983 995 3064 quater
1018 2981 1154 3066 positam
1178 3003 1233 3045 su-

144 3088 313 3171 spectaret,
337 3107 407 3150 cum
432 3107 626 3170 unoquoque
649 3086 720 3151 loco
744 3088 777 3149 et
798 3087 922 3150 mutato
946 3107 1019 3151 casu
1031 3108 1230 3171 numeroque

145 3192 178 3255 et
200 3191 270 3255 aliis
283 3191 447 3256 vocabulis
458 3192 568 3256 iuncta
584 3193 720 3256 iteretur
743 3194 839 3276 atque
862 3192 953 3256 notio
976 3213 1013 3256 ea
1035 3194 1231 3276 argumento

146 3297 261 3380 capitis
284 3297 411 3382 saepius
434 3297 630 3382 postuletur;
652 3297 760 3382 potuit
784 3297 913 3382 quidem
938 3295 992 3361 hic
1015 3297 1142 3376 omitti,
1178 3319 1231 3362 ve·

144 3423 216 3466 rum
236 3424 255 3466 a
275 3402 471 3488 glossatore,
495 3424 589 3487 quem
613 3424 752 3466 eorum
775 3403 960 3486 genetivum
982 3402 1230 3467 interiecturum

143 3505 241 3572 fuisse
264 3507 416 3589 dixerim,
449 3508 589 3573 additam
624 3529 695 3572 eam
728 3529 795 3572 esse
818 3529 885 3572 nou
908 3510 957 3572 est
979 3507 1162 3572 verisimile.
1188 3543 1228 3556 -

140 3609 179 3676 Iu
205 3612 401 3696 explicandis
434 3613 475 3677 iis
507 3635 587 3698 quae
622 3615 697 3677 suut
730 3613 818 3677 siue
848 3613 984 3695 gratia
1007 3615 1080 3677 aut
1104 3612 1231 3678 ambi·

211 3807 258 3877 33)
276 3805 401 3861 Kritzius
425 3805 518 3861 miuus
546 3807 692 3862 accurate:
724 3825 737 3854 s
758 3844 764 3859 .
784 3845 791 3859 .
811 3845 818 3860 .
838 3843 843 3859 .
864 3821 955 3875 neque
981 3822 1015 3861 ex
1042 3805 1230 3877 magisque

138 3894 194 3952 huc
212 3896 382 3952 trahendum
400 3919 512 3952 .....
538 3914 589 3967 pro
611 3895 703 3950 >trahi
721 3896 839 3965 potest«
879 3895 1011 3951 Ceterum
1030 3898 1116 3952 etiam
1135 3897 1230 3968 Hoeg·

139 3986 203 4058 gius
221 3988 250 4042 et
269 3986 446 4042 Gutmaunus
458 3987 669 4043 converterunt:
690 3985 1224 4058 »geneigterundwenigergehemmt«

138 4078 168 4132 et
187 4077 283 4132 »mehr
301 4076 421 4133 Antrieb
440 4077 499 4132 und
518 4076 652 4132 offeueres
671 4070 765 4131 Feld.«

183 4157 185 4163 '
208 4169 255 4240 al)
272 4168 424 4224 Jalrobaius
443 4169 472 4223 et
490 4167 650 4223 Dietsehius
667 4167 787 4221 habeut:
809 4164 874 4221 »ille
894 4166 1012 4237 probare
1032 4163 1147 4236 partim,
1169 4163 1232 4222 alia

130 4256 287 4315 abnuere«.
