2730 4650
679 279 722 346 26

153 450 343 537 quibuscum
376 449 552 517 contendas
585 449 626 515 D.
650 450 691 518 41
727 454 843 518 nemo
878 452 1019 520 eodem
1055 454 1243 537 tempore

153 557 323 642 adsequi
346 559 485 643 potest
506 576 687 642 magnam
710 557 857 653 famam
880 561 920 624 et
941 558 1242 645 magnamquie·

152 669 234 730 tem
256 662 497 748 etAgr.3tne
520 662 563 726 in
584 660 769 728 frontem
791 662 916 728 simul
938 667 979 730 et
1000 664 1132 728 latera
1155 683 1244 728 suo·

153 792 232 835 rum
243 770 526 855 pugnaretur,
560 766 617 832 ubi
651 769 731 853 quin
766 770 904 854 alterum
938 771 972 835 et
993 769 1091 834 adda
1092 791 1130 833 ur
1151 769 1242 855 leges

151 875 283 961 linguae
305 875 437 940 minime
460 874 533 940 obst
534 875 608 950 ant3
641 876 739 958 atque
771 895 828 939 our
859 896 927 939 non
956 874 1022 957 tale
1045 874 1124 958 'quid
1145 874 1242 939 liceat

154 981 276 1047 dicere.
298 1002 466 1065 nunquam
489 1001 540 1044 me
563 1001 640 1045 usus
662 981 749 1044 este
732 981 990 1078 etpraeoeptorc
1003 967 1148 1046 etamico
1172 980 1243 1067 (sed

155 1108 280 1172 semper
302 1088 492 1172 praeceptor
513 1087 587 1149 tant
587 1107 644 1149 um
666 1084 820 1168 cinctui),
844 1086 930 1170 quod
953 1108 1048 1151 sensu
1070 1087 1166 1173 plane
1179 1084 1243 1151 dif-

152 1188 217 1256 fert
238 1191 278 1256 ab
301 1190 379 1257 hoc:
409 1212 510 1278 uunq.
534 1213 585 1256 me
607 1212 682 1255 usus
705 1192 754 1255 est
776 1192 832 1254 aut
851 1213 900 1277 pr.
925 1193 982 1256 aut
1002 1194 1085 1260 am?
1110 1190 1241 1256 -Ofa

154 1317 192 1361 ea
212 1317 294 1381 quae
316 1297 355 1367 de
377 1296 491 1381 partic.
514 1290 715 1360 disiunctivis
738 1294 778 1359 ad
800 1316 869 1380 cap.
895 1295 935 1359 10
959 1298 1061 1361 annot
1047 1295 1134 1360 t.abo
1157 1329 1201 1346 ·-

239 1405 334 1465 adeo
355 1403 523 1465 virtutes
547 1446 683 1465 .....
730 1399 937 1486 Peerlkampi
972 1399 1087 1466 dehac
1109 1403 1243 1466 senten·

151 1504 198 1570 tia
221 1490 456 1571 dubitationem
479 1526 517 1570 eo
540 1507 619 1592 puto
584 1504 748 1570 trefelli
767 1506 852 1592 quod
874 1506 1058 1591 significare
1081 1507 1179 1573 verba
1201 1529 1241 1572 ea

152 1612 357 1698 perspicuum
381 1612 445 1676 est:
469 1610 605 1676 virtutes
628 1633 665 1677 eo
684 1610 781 1697 (tum)
805 1611 917 1675 melius
941 1611 1152 1676 aestimantur
1175 1633 1241 1696 quo
1279 1609 1284 1615 ⁴

152 1716 252 1802 (cum)
284 1715 411 1781 facilius
443 1716 583 1800 gignunt
584 1736 636 1791 ur3
671 1735 734 1798 qua
767 1715 801 1778 in
834 1737 869 1779 re
900 1713 974 1779 Tac.
1004 1715 1030 1780 si
1063 1716 1241 1800 praeterita

144 1823 300 1907 tempora
333 1842 467 1906 praesen
468 1817 578 1893 tibus
587 1821 688 1904 magis
708 1820 869 1884 laudanda
901 1820 1240 1905 censet,11tabillo

152 1925 288 1991 refutari
309 1925 429 2010 possit,
464 1945 668 2011 nequaquam
702 1932 743 1990 er
769 1946 807 1990 eo
831 1922 977 2010 sequitur
998 1926 1038 1991 de
1059 1926 1165 2012 glossa
1186 1925 1239 1992 hic

152 2030 361 2117 cogitandum
390 2051 537 2097 esse.-
573 2029 690 2096 Partic.
713 2035 789 2096 adeo
818 2031 939 2116 legitur
970 2031 1069 2097 etiarn·
1102 2029 1186 2097 Dia]
1208 2016 1237 2097 c.

153 2137 206 2219 21,
219 2136 283 2216 23,
307 2138 359 2203 26.
815 2174 816 2179 κ
1181 2175 1182 2178 ¹

238 2240 312 2307 Jam
334 2241 550 2328 pervenimus·
541 2241 601 2306 ·ad
622 2239 813 2307 d1ffiall1ma
825 2241 983 2311 verba
965 2242 1050 2307 otius
1074 2241 1235 2328 prooemi:

151 2355 192 2414 at
223 2369 326 2414 nuno
356 2353 576 2413 narraturo
606 2350 763 2413 mlhi-
787 2353 979 2429 tempora,
1010 2369 1148 2432 quorum
1184 2369 1239 2412 ex-

144 2452 362 2538 plicationem
382 2454 420 2516 ut
440 2451 570 2516 tandem
594 2451 767 2536 aliquando
789 2452 829 2518 ad
852 2452 1010 2538 liquidum
1023 2453 1239 2537 perducerent

152 2559 248 2623 multi
269 2558 372 2623 multa
393 2559 634 2642 congesserunt.
680 2555 742 2622 Sed
760 2556 885 2623 omissis
906 2557 1051 2643 priorum
1074 2559 1238 2624 coniectu·

152 2665 208 2744 ris,
233 2686 366 2751 quarum
389 2663 675 2753 potissimasscite
686 2662 842 2729 refutatas
854 2664 943 2750 legas
954 2665 1037 2750 apud
1049 2664 1237 2752 Hoeggium

151 2792 183 2855 p.
207 2758 340 2849 5--10,Ι
359 2770 443 2836 solas
464 2789 518 2834 eas
539 2769 823 2856 interpretationes
846 2769 1064 2855 expendamus
1086 2792 1169 2856 quae
1191 2769 1239 2836 le·

152 2870 292 2943 ctionem
315 2875 404 2943 codd.
421 2875 572 2943 Vatican.
595 2877 782 2960 sequuntur.
829 2874 972 2950 Quarum
995 2877 1076 2942 duae
1097 2878 1237 2943 maxime

152 3004 232 3068 quas
250 2982 459 3068 respiciamus
480 2982 598 3069 dignae
617 2981 765 3048 videntur
775 2979 825 3069 ³⁹).
870 2982 979 3067 Atque
990 2981 1238 3070 Hoeggiusqui-

223 3282 270 3353 39)
289 3282 358 3337 Eam
383 3298 456 3352 quae
481 3280 641 3338 commixtis
665 3281 773 3337 duabus
794 3280 853 3337 illis
871 3281 923 3338 sub
942 3281 1099 3361 Domitiani
1118 3282 1238 3355 imperio

151 3375 188 3431 ab
212 3371 380 3441 aequalibus
403 3371 519 3428 virtutis
545 3370 695 3426 incuriosis
713 3369 813 3427 Tacito
840 3371 953 3427 veniam
977 3371 1129 3443 petendam
1151 3374 1238 3432 luisse

118 3512 123 3522 .
151 3461 262 3529 statuit,
280 3462 421 3533 prolatam
439 3461 520 3517 illam
537 3479 555 3516 a
574 3459 797 3541 Capellmannio,
815 3462 922 3517 Ztschr.
940 3461 960 3517 f.
980 3464 1095 3519 oesterr.
1114 3463 1238 3534 Gymna-

150 3552 269 3609 sialwes.
290 3552 373 3618 1858,
397 3570 425 3623 p.
445 3551 588 3633 8081-812
605 3551 718 3622 (Philol.
737 3550 785 3626 14,ι
796 3551 880 3623 3151),
909 3569 1139 3610 commemorasse
1167 3555 1238 3612 satis

148 3641 247 3699 fuerit.
285 3641 365 3698 Alias
395 3644 602 3714 proposuerunt
630 3641 751 3699 Rothius
782 3640 824 3711 (in
852 3640 943 3714 edit.):
995 3643 1048 3698 »Er
1070 3644 1159 3701 bittet
1188 3663 1238 3700 um

152 3732 321 3800 Nachsicht,
349 3733 414 3789 weil
438 3750 467 3790 es
491 3733 553 3790 eine
571 3733 679 3791 stillare
700 3730 804 3803 [miuus
828 3717 918 3802 clara]
939 3731 1039 3790 Grdsse
1057 3733 1108 3801 ist,
1141 3735 1187 3791 die
1206 3753 1238 3792 er

151 3823 293 3881 achildem
310 3823 402 3891 will,‹
435 3842 492 3894 qua
520 3821 630 3879 ratione
658 3820 807 3878 intellecta
824 3822 912 3878 verba
928 3821 981 3879 illa
998 3840 1092 3893 neque
1110 3823 1146 3879 iis
1164 3843 1237 3894 quae

149 3913 323 3971 antecedunt
350 3915 428 3972 recte
453 3913 636 3986 opponuntur
652 3930 744 3981 neque
763 3929 828 3968 cum
846 3911 1018 3983 professione
1036 3913 1154 3985 pietatis
1171 3931 1237 3970 con-

152 4022 254 4078 gruere
272 4007 324 4060 aut
339 4023 375 4062 cx
394 4004 537 4062 sententia
552 4002 642 4075 ipsius
660 4002 807 4058 Taciti-
826 4002 861 4060 cf.
881 4020 943 4075 cap.
956 4004 991 4059 42
1009 4005 1082 4061 extr.
1101 4006 1132 4061 et
1148 4004 1235 4076 cap.1

150 4095 328 4151 clarorum
341 4093 508 4165 ⁴virorum
529 4123 560 4136 -
590 4093 724 4152 videntur
742 4111 814 4162 esse;
842 4095 872 4151 et
890 4094 1237 4166 Pbssoviusffieckerudz

149 4184 265 4241 Tacitus
283 4183 425 4242 scribendi
443 4202 509 4242 suae
528 4184 662 4242 facultati
672 4185 753 4240 tanto
766 4183 828 4242 viro
837 4191 894 4244 non
908 4184 980 4241 'satis
997 4184 1101 4256 dignae
1119 4183 1235 4243 veniam

126 4274 215 4340 petit
232 4304 266 4315 -
285 4291 362 4344 quae
380 4275 528 4336 excusatio
553 4277 590 4335 at
614 4273 809 4334 coniunctioni
830 4274 924 4334 minus
948 4274 1038 4333 etiam
1060 4273 1230 4335 conveniens
