2730 4650
198 1268 236 1335 In
259 1268 388 1336 Corneli
411 1264 516 1333 Taciti
540 1267 734 1355 »Agricola«
760 1269 907 1353 quamvis
928 1267 1104 1356 diligenter
1130 1271 1196 1336 ela·

111 1374 258 1439 borarint
292 1375 441 1439 homines
469 1374 557 1439 docti
587 1377 621 1439 et
654 1373 914 1458 recognoscendo
939 1377 972 1439 et
1004 1375 1193 1446 enarrando,

111 1480 221 1542 tamen
247 1479 431 1542 etiamnunc
463 1478 581 1542 multas
618 1498 816 1563 magnasque
847 1478 979 1544 exhibet
1010 1479 1196 1564 legentibus

111 1581 329 1666 difficultates,
351 1601 431 1666 quas
453 1583 516 1646 nisi
537 1583 655 1646 iunctis
678 1582 854 1646 multorum
875 1583 1045 1648 conatibus
1066 1585 1197 1649 studiis·

112 1707 174 1770 que
196 1688 343 1771 superari
364 1708 432 1751 non
454 1707 547 1771 posse
559 1705 670 1756 omnes
683 1687 901 1751 consentiunt.
947 1687 996 1753 Ao
1018 1687 1098 1752 mibi
1120 1709 1196 1774 par·

110 1794 160 1856 tes
181 1792 278 1855 unius
293 1789 431 1856 emultis
452 1793 641 1876 suscepturo
663 1790 725 1856 hoo
746 1791 950 1876 propositum
973 1794 1031 1869 est,
1053 1795 1196 1878 atquae

110 1896 264 1979 cuiusque
294 1896 411 1981 eapitis
438 1895 537 1960 verba
564 1914 606 1959 ne
635 1895 802 1959 novissimi
830 1894 959 1979 quidem
990 1895 1128 1961 editores
1155 1896 1196 1961 ad

109 1999 267 2084 liquidum
289 1999 497 2084 perduxerint
508 2001 595 2064 nerto
608 1998 770 2078 definiam,
793 2000 1047 2064 nonomissurus
1069 2001 1096 2064 si
1118 2000 1196 2084 quid

110 2104 178 2189 ipse
200 2103 364 2189 prioribus
386 2103 469 2168 mibi
490 2103 601 2168 videor
622 2103 728 2168 verius
750 2103 920 2188 explicare.
980 2101 1076 2168 Nihil
1107 2105 1195 2170 eninr

111 2209 230 2272 attinet
250 2211 378 2272 tantam
400 2207 519 2272 molem
533 2207 840 2292 interpretationum
855 2208 954 2272 etiam
975 2209 1073 2292 atque
1096 2209 1196 2274 etiam

109 2311 238 2396 augeri,
271 2311 327 2377 sed
355 2311 566 2377 discernendo
589 2312 789 2397 prolatarum
811 2310 995 2398 probandas
1016 2314 1113 2396 atque
1134 2313 1196 2377 im·

109 2415 293 2501 probandas
316 2415 393 2499 quid
415 2416 536 2500 ubique
557 2416 759 2501 expeditum,
790 2416 868 2500 quid
896 2415 1002 2482 adhue
1017 2417 1196 2501 expedien-

108 2521 186 2586 dum
223 2520 266 2584 sit
298 2520 370 2584 fieri
401 2520 617 2606 perspicuum.
639 2557 683 2570 -
725 2519 801 2585 Jam
832 2540 909 2585 vero
941 2519 1084 2585 breviter
1121 2543 1195 2606 per·

107 2625 263 2709 stringam
286 2624 503 2709 generaliores
525 2623 678 2709 quasdam
705 2624 866 2703 rationes,
900 2644 980 2709 quas
1011 2625 1067 2708 qui
1089 2624 1194 2691 adhue

109 2727 331 2814 ›Agricolam‹
356 2728 524 2794 ediderunt
553 2749 656 2813 aequo
684 2729 791 2794 minus
813 2728 965 2794 videntur
986 2727 1067 2794 mihi
1093 2730 1194 2795 secuti

109 2855 186 2921 esse.
230 2832 277 2899 Ae
300 2832 405 2918 primo
426 2833 557 2918 qudem
577 2833 660 2912 loeo,
683 2836 721 2897 ut
734 2853 794 2918 par
808 2835 866 2911 est,
889 2833 976 2897 dicat
998 2835 1194 2899 sententiam

106 2952 136 3015 is
168 2959 265 3021 quem
296 2936 357 3004 boe
389 2938 536 3022 proximo
568 2937 673 3001 lustro
705 2937 744 3002 de
767 2933 879 3000 Taoito
902 2936 1025 3021 optime
1047 2937 1194 3002 omnium

107 3040 260 3104 meritum
283 3061 350 3104 esse
371 3040 493 3119 iudioo,
527 3039 696 3104 Eduardus
718 3037 940 3119 Woelfflinus‚
975 3041 1032 3125 qui
1054 3041 1193 3126 egregiis

108 3164 189 3228 quae
212 3141 402 3210 Philol.v01.
416 3143 519 3210 XXV.
542 3146 575 3209 et
588 3143 706 3210 XXVI.
718 3144 927 3209 eontinentur
949 3146 1194 3210 commentatio·

107 3248 205 3312 nibus
226 3249 256 3312 si
277 3268 345 3313 non
366 3249 430 3313 toti
451 3248 646 3333 seriptorum
657 3245 850 3312 Latinorum
861 3249 1075 3333 recognitioni
1095 3252 1193 3334 atque

106 3352 308 3417 enarrationi
332 3373 433 3429 noras
455 3351 523 3416 vias
545 3353 683 3437 aperuit,
704 3351 738 3416 id
760 3355 848 3418 certe
869 3353 976 3417 effecit
997 3355 1034 3416 ut
1055 3354 1192 3438 posthae

106 3455 211 3522 Taciti
234 3456 411 3522 editoribus
433 3477 501 3523 non
523 3456 588 3520 iam
610 3454 706 3521 liceat
726 3456 895 3540 neglegere
910 3456 1100 3521 continuum
1123 3459 1191 3524 eius

104 3562 141 3626 in
162 3561 334 3626 formanda
356 3563 455 3645 atque
476 3558 653 3626 excolenda
663 3560 810 3624 oratione
832 3578 1049 3644 progressum.
1093 3559 1191 3627 Ouios

104 3666 222 3729 iustam
255 3665 425 3731 seientiam
460 3685 532 3728 oum
567 3665 632 3728 nisi
663 3661 798 3728 assiduis
830 3663 1006 3728 multorum
1031 3685 1190 3731 annorum

104 3768 218 3833 studiis
251 3790 319 3833 non
352 3789 445 3855 posse
479 3788 539 3832 nos
573 3765 726 3852 consequi
753 3766 823 3852 ipse
844 3766 886 3833 V.
909 3767 951 3833 D.
973 3767 1190 3855 confirmet-3),

178 3929 207 4000 1)
223 3928 489 3995 philomuse:
511 3950 539 3983 ».
549 3969 556 3983 .
567 3969 574 3984 .
585 3927 674 3984 .Wi]]
689 3945 755 3984 man
770 3928 839 3984 aber
856 3928 1042 3985 aureioheren
1051 3930 1191 3987 Erkennt-

104 4017 163 4075 nise
180 4018 231 4073 der
249 4017 402 4074 Wabrheit
419 4017 574 4089 gelangen,
602 4035 634 4074 so
651 4035 727 4071 muse
745 4035 812 4073 man
830 4018 890 4074 siah
909 4019 960 4075 der
977 4019 1191 4092 sorgfnltigoten

104 4108 414 4177 Detailuntersnobung
432 4107 513 4162 nieht
531 4107 664 4162 sohtmen
682 4106 741 4160 und
760 4106 807 4162 die
825 4107 1008 4164 vereobieden
1026 4108 1200 4165 wirkendenr

104 4197 242 4254 Faotoren
261 4214 312 4254 aus
330 4195 572 4252 einanderhalten.
610 4194 690 4251 Auoh
709 4193 756 4250 die
775 4195 925 4264 Stetistik,
958 4197 1005 4252 die
1024 4197 1191 4254 Meteorolo·

925 4294 974 4357 vt
