2730 4650
649 302 691 372 58

132 475 185 549 bri
216 477 355 558 habent,
392 501 433 544 an
468 479 706 557 excitatior,
738 478 823 563 qnod
845 475 1033 542 Buchnerns
1071 475 1219 554 coniecit,

132 585 301 670 legendnm
324 586 376 664 sit,
399 585 437 651 de
460 607 498 650 eo
509 587 656 671 suspicor
669 607 736 650 non
758 584 828 648 fore
851 605 995 670 unquam
1017 584 1054 647 nt
1076 603 1140 647 uno
1164 603 1220 651 ors

132 691 327 776 interpretes
349 693 562 758 consentiant.
616 690 701 757 Nam
735 692 824 776 prius
846 689 1040 754 vocabulum
1063 687 1223 756 Gutman·

133 819 208 875 nus,
231 797 385 876 Rothius,
417 798 609 879 Diibnerns,
632 797 893 884 Peerlkampius,
917 796 1099 879 Draegerns
1120 795 1223 860 inter-

134 906 305 988 pretantur
330 904 559 990 »bedringten
592 904 694 988 magis
716 905 839 990 agitata
861 906 894 968 et
916 904 1031 968 vexata
1053 901 1108 986 (ab
1130 901 1222 968 inco·

133 1008 173 1073 lis
187 1009 400 1095 Britannis)«,
424 1009 559 1076 Wexius
580 1011 720 1096 explicat
745 1032 830 1075 »non
854 1012 903 1075 est
923 1010 1052 1095 magis
1075 1009 1220 1073 vexata

133 1113 306 1200 (2heftiger
328 1114 536 1204 bedriingtv),
561 1116 614 1180 sed
638 1117 767 1200 magis
790 1116 975 1200 agitata,
999 1115 1225 1181 concitata

134 1221 179 1304 [in
216 1225 380 1307 grissercr
402 1219 596 1308 Aufregrmg
627 1222 691 1285 und
715 1220 911 1308 Ga'hrungp
943 1242 1080 1306 eumque
1108 1219 1222 1286 reiciat

135 1326 371 1405 coniecturam,
406 1327 539 1413 probat
557 1328 859 1415 interpretationem
893 1327 1059 1392 Buchneri
1097 1325 1220 1409 »magis

132 1435 241 1496 erecta
271 1433 307 1496 in
339 1455 428 1519 spem
449 1435 685 1520 recuperandae
706 1434 898 1506 libertatis«.
943 1433 1088 1498 Utuntur
1111 1434 1220 1513 antem

130 1538 167 1600 et
190 1536 342 1622 Draeger.
366 1542 399 1602 et
420 1537 514 1604 Wex.
539 1540 578 1604 ad
611 1541 780 1625 opiniones
811 1561 884 1604 snas
910 1539 1084 1605 firmandas
1108 1538 1219 1604 eodem

134 1645 280 1728 exemplo
303 1644 396 1729 (Hor.
420 1645 512 1730 epod.
534 1650 554 1712 9
578 1646 652 1730 31),
688 1646 740 1710 cui
761 1645 892 1710 laudato
915 1647 980 1710 iam
1004 1645 1044 1710 eb
1067 1644 1218 1711 Ernestio
1334 1688 1342 1701 ι

134 1752 168 1814 et
200 1749 359 1815 Freundio
394 1751 441 1835 (in
470 1772 499 1814 v.
524 1751 775 1837 exercitare)
804 1751 988 1837 Drasgerus
1018 1771 1090 1815 cum
1121 1749 1220 1816 verba

133 1857 266 1922 Patron.
288 1859 348 1921 sat.
371 1857 412 1921 83
437 1857 555 1921 collata
572 1858 651 1923 item
673 1880 693 1922 a
715 1857 878 1923 Frenndio
901 1857 1070 1937 addiderit,
1093 1855 1218 1922 duobus

134 1961 185 2026 his
207 1962 286 2028 locis
309 1963 412 2027 fretus
439 1964 632 2029 sententiam
656 1963 832 2028 Woelfflini
855 1962 1122 2028 contemnendam
1145 1981 1221 2025 cen-

133 2070 192 2136 set.
236 2068 268 2133 Is
290 2068 409 2133 Philol.
431 2073 481 2149 26,
508 2071 633 2135 141-2
655 2071 741 2156 (coll.
765 2093 796 2155 p.
823 2070 899 2155 115)
929 2069 1097 2134 contendit
1117 2064 1221 2151 parti·

134 2175 254 2261 cipium
288 2176 541 2241 exercitatus
574 2177 651 2262 quia
683 2177 719 2241 in
741 2176 819 2260 Agr.
852 2197 878 2241 c.
905 2177 945 2240 36
979 2172 1218 2259 significatione

136 2282 275 2366 »genis«
308 2282 451 2367 positum
473 2283 516 2346 sit
538 2305 604 2347 non
632 2283 728 2347 ctiam
755 2286 925 2348 »vexatus«
938 2279 973 2365 Π)
997 2281 1104 2346 valere
1126 2299 1220 2363 posse

133 2387 219 2474 apud
242 2386 405 2463 Tacitum,
444 2390 535 2452 cuius
558 2389 612 2452 hic
634 2391 677 2454 sit
699 2411 769 2453 mos
790 2395 827 2452 nt
848 2387 981 2452 verbum
1005 2383 1221 2472 frequentati·

133 2516 209 2558 vum
231 2515 291 2578 pro
313 2494 451 2581 simplici
473 2496 616 2580 genuina
639 2496 750 2574 modo,
785 2495 896 2580 utiquo
919 2514 982 2557 una
1006 2493 1074 2556 eius
1096 2489 1221 2575 signifi·

134 2600 261 2665 catione
284 2601 431 2685 usurpari
453 2602 548 2678 velit3
581 2603 691 2687 itaque
720 2602 894 2666 rectissime
917 2622 936 2664 a
959 2598 1085 2664 Kritzio
1108 2617 1221 2684 recep·
1314 2628 1319 2639 ·

133 2707 200 2769 tam
224 2727 292 2770 esse
314 2704 477 2772 Buchneri
499 2707 716 2773 coniecturam
733 2706 928 2784 facillimam,
952 2727 1033 2792 quae
1056 2703 1125 2768 sola
1147 2725 1221 2767 sen·

133 2811 310 2875 tentiarnm
334 2813 439 2876 ordini
468 2814 668 2898 respondeat.
725 2811 816 2890 Quod
847 2813 1007 2899 posterius
1039 2811 1160 2876 dictum
1193 2810 1221 2877 si

133 2918 239 3002 ipsum
262 2918 359 2982 etiam
381 2918 415 2982 in
438 2940 505 2982 rem
528 2941 618 2984 suam
640 2922 826 2984 convertere
849 2940 949 3005 eoque
972 2917 1153 3002 significare
1177 2913 1219 2981 V.

135 3022 174 3087 D.
198 3023 233 3086 in
258 3023 364 3088 animo
386 3022 499 3110 fnit⁷⁸l
522 3047 617 3090 sensu
633 3026 735 3090 totius
756 3025 819 3090 loci
841 3007 906 3089 non
929 3024 1067 3089 vexandi
1089 3022 1143 3088 sed
1166 3044 1222 3090 ex·

134 3127 256 3193 citandi
278 3129 443 3194 notionem
466 3131 638 3215 postulari,
677 3131 793 3217 legerit
815 3131 912 3195 velim
935 3128 1140 3213 Peerlkampi
1162 3149 1221 3194 an·

133 3234 350 3313 notationem,
375 3257 438 3320 qna
461 3236 540 3301 scite
563 3236 817 3302 demonstratum
840 3244 918 3322 puto
941 3235 1143 3301 Britanniam
1166 3233 1221 3302 hio

134 3359 201 3403 non
223 3341 327 3404 totam
349 3341 488 3406 insulam
509 3345 675 3430 partemve
697 3342 764 3407 eins
794 3343 875 3407 citra
898 3341 1101 3406 Caledoniam
1124 3341 1222 3407 sitam

135 3445 190 3509 sed
215 3451 477 3531 »recuperatam«
503 3448 591 3514 brevi
615 3448 814 3535 provinciam
825 3470 892 3514 esse
901 3446 941 3533 79)
964 3447 1100 3533 ideoque
1122 3447 1219 3535 aptis·

208 3677 254 3747 77)
273 3678 314 3732 De
333 3677 418 3733 Wexi
445 3677 635 3749 explicatione
659 3677 738 3742 silet,
769 3678 861 3742 recte,
888 3675 943 3731 nisi
966 3676 1059 3733 fallor.
1104 3677 1179 3734 Nam
1198 3676 1223 3735 si

135 3767 289 3824 excitatam
308 3769 424 3824 Tacitus
447 3768 541 3824 dicere
564 3767 656 3824 voluit
674 3768 865 3834 Britanniam,
893 3767 1026 3840 intellegi
1049 3785 1104 3825 non
1128 3767 1224 3840 potest

136 3876 185 3914 cur
208 3875 260 3930 pro
286 3858 347 3931 ipso
372 3876 406 3915 eo
429 3858 568 3923 vocabulo
591 3857 764 3916 exercitatus
788 3858 945 3930 scripserim
976 3878 1002 3916 r.
1022 3858 1110 3916 etiam
1127 3858 1223 3915 Peerl-

134 3948 274 4020 kampius.

207 4039 253 4110 78)
272 4039 349 4105 Quae
368 4038 496 4110 opinatio
514 4038 550 4093 iis
568 4039 691 4096 maxime
710 4039 814 4095 nititur
832 4056 905 4110 quae
923 4039 973 4097 ille
992 4041 1076 4096 antea
1093 4038 1223 4111 proxime

135 4129 220 4186 dicit:
260 4130 382 4186 »Wollte
410 4131 476 4185 Tac.
501 4147 557 4187 von
582 4131 673 4186 einem
698 4131 853 4204 geplagten
881 4129 1050 4186 Britannien
1077 4130 1223 4201 sprechen,

132 4223 221 4276 anter
237 4221 374 4276 walchem
392 4220 558 4277 Ausdrucke
576 4238 601 4276 e.
619 4237 646 4290 q.
665 4238 714 4275 s«.

134 4298 137 4306 ’
188 4309 239 4386 79)
251 4309 304 4363 Ad
321 4311 509 4389 provinciam
535 4313 731 4375 Romanorum
752 4310 919 4370 Britanniae
940 4327 999 4369 mx
1019 4327 1078 4368 non
1096 4325 1160 4366 raro
1178 4326 1223 4367 re·
