<?xml version="1.0" encoding="UTF-8"?>
<!DOCTYPE html PUBLIC "-//W3C//DTD XHTML 1.0 Transitional//EN"
    "http://www.w3.org/TR/xhtml1/DTD/xhtml1-transitional.dtd">
<html xmlns="http://www.w3.org/1999/xhtml" xml:lang="en" lang="en">
 <head>
  <title>
</title>
<meta http-equiv="Content-Type" content="text/html;charset=utf-8" />
  <meta name='ocr-system' content='tesseract 3.04.00' />
  <meta name='ocr-capabilities' content='ocr_page ocr_carea ocr_par ocr_line ocrx_word'/>
</head>
<body>
  <div class='ocr_page' id='page_1' title='image "annotationesinc00pohlgoog_0034.png"; bbox 0 0 2730 4650; ppageno 0'>
   <div class='ocr_carea' id='block_1_1' title="bbox 659 288 704 357">
    <p class='ocr_par' dir='ltr' id='par_1_1' title="bbox 659 288 704 357">
     <span class='ocr_line' id='line_1_1' title="bbox 659 288 704 357; baseline 0.022 -1"><span class='ocrx_word' id='word_1_1' title='bbox 659 288 704 357; x_wconf 78' lang='lat'><strong>29</strong></span> 
     </span>
    </p>
   </div>
   <div class='ocr_carea' id='block_1_2' title="bbox 138 464 1272 1186">
    <p class='ocr_par' dir='ltr' id='par_1_2' title="bbox 138 464 1272 1186">
     <span class='ocr_line' id='line_1_2' title="bbox 140 464 1222 552; baseline -0.004 -21"><span class='ocrx_word' id='word_1_2' title='bbox 140 465 286 547; x_wconf 83' lang='lat' dir='ltr'><strong>fossores,</strong></span> <span class='ocrx_word' id='word_1_3' title='bbox 310 465 459 532; x_wconf 87' lang='lat' dir='ltr'><strong>omnibus</strong></span> <span class='ocrx_word' id='word_1_4' title='bbox 481 467 618 552; x_wconf 85' lang='lat' dir='ltr'><strong>denique</strong></span> <span class='ocrx_word' id='word_1_5' title='bbox 641 465 737 532; x_wconf 88' lang='lat' dir='ltr'><strong>nobis</strong></span> <span class='ocrx_word' id='word_1_6' title='bbox 759 485 919 529; x_wconf 90' lang='lat' dir='ltr'><strong>summum</strong></span> <span class='ocrx_word' id='word_1_7' title='bbox 942 464 1122 542; x_wconf 81' lang='lat' dir='ltr'><strong>silentium,</strong></span> <span class='ocrx_word' id='word_1_8' title='bbox 1147 483 1222 549; x_wconf 87' lang='lat' dir='ltr'><strong>pars</strong></span> 
     </span>
     <span class='ocr_line' id='line_1_3' title="bbox 141 567 1223 658; baseline -0.005 -21"><span class='ocrx_word' id='word_1_9' title='bbox 141 571 342 637; x_wconf 86' lang='lat' dir='ltr'><strong>foedissimae</strong></span> <span class='ocrx_word' id='word_1_10' title='bbox 356 572 531 652; x_wconf 67' lang='lat' dir='ltr'><strong>servitutis</strong></span> <span class='ocrx_word' id='word_1_11' title='bbox 553 572 740 658; x_wconf 89' lang='lat' dir='ltr'><strong>impositum</strong></span> <span class='ocrx_word' id='word_1_12' title='bbox 764 573 820 636; x_wconf 88' lang='lat' dir='ltr'><strong>est.</strong></span> <span class='ocrx_word' id='word_1_13' title='bbox 866 568 963 634; x_wconf 91' lang='lat' dir='ltr'><strong>Nunc</strong></span> <span class='ocrx_word' id='word_1_14' title='bbox 985 569 1123 650; x_wconf 82' lang='lat' dir='ltr'><strong>demum,</strong></span> <span class='ocrx_word' id='word_1_15' title='bbox 1147 567 1223 633; x_wconf 89' lang='lat' dir='ltr'><strong>dum</strong></span> 
     </span>
     <span class='ocr_line' id='line_1_4' title="bbox 141 666 1272 763; baseline -0.004 -21"><span class='ocrx_word' id='word_1_16' title='bbox 141 677 182 742; x_wconf 87' lang='lat' dir='ltr'><strong>ab</strong></span> <span class='ocrx_word' id='word_1_17' title='bbox 203 677 328 763; x_wconf 87' lang='lat' dir='ltr'><strong>optimo</strong></span> <span class='ocrx_word' id='word_1_18' title='bbox 359 677 504 763; x_wconf 83' lang='lat' dir='ltr'>principe</span> <span class='ocrx_word' id='word_1_19' title='bbox 538 678 573 742; x_wconf 91' lang='lat' dir='ltr'><strong>in</strong></span> <span class='ocrx_word' id='word_1_20' title='bbox 609 678 674 743; x_wconf 89' lang='lat' dir='ltr'><strong>dies</strong></span> <span class='ocrx_word' id='word_1_21' title='bbox 705 678 840 762; x_wconf 82' lang='lat' dir='ltr'><strong>augetur</strong></span> <span class='ocrx_word' id='word_1_22' title='bbox 860 680 894 739; x_wconf 89' lang='lat' dir='ltr'><strong>et</strong></span> <span class='ocrx_word' id='word_1_23' title='bbox 916 675 1071 740; x_wconf 76' lang='lat' dir='ltr'><strong>securitas</strong></span> <span class='ocrx_word' id='word_1_24' title='bbox 1093 673 1223 759; x_wconf 88' lang='lat' dir='ltr'><strong>publica</strong></span> <span class='ocrx_word' id='word_1_25' title='bbox 1270 666 1272 669; x_wconf 58' lang='grc'><strong>’</strong></span> 
     </span>
     <span class='ocr_line' id='line_1_5' title="bbox 139 779 1222 868; baseline -0.004 -20"><span class='ocrx_word' id='word_1_26' title='bbox 139 785 172 848; x_wconf 90' lang='lat' dir='ltr'><strong>et</strong></span> <span class='ocrx_word' id='word_1_27' title='bbox 194 783 397 868; x_wconf 85' lang='lat' dir='ltr'><strong>singulorum</strong></span> <span class='ocrx_word' id='word_1_28' title='bbox 420 783 567 861; x_wconf 81' lang='lat' dir='ltr'><strong>felicitas,</strong></span> <span class='ocrx_word' id='word_1_29' title='bbox 591 782 693 848; x_wconf 90' lang='lat' dir='ltr'><strong>redire</strong></span> <span class='ocrx_word' id='word_1_30' title='bbox 716 782 833 868; x_wconf 88' lang='lat' dir='ltr'><strong>incipit</strong></span> <span class='ocrx_word' id='word_1_31' title='bbox 844 781 938 846; x_wconf 90' lang='lat' dir='ltr'><strong>nobis</strong></span> <span class='ocrx_word' id='word_1_32' title='bbox 951 782 1076 845; x_wconf 89' lang='lat' dir='ltr'><strong>animus</strong></span> <span class='ocrx_word' id='word_1_33' title='bbox 1097 783 1131 844; x_wconf 91' lang='lat' dir='ltr'><strong>et</strong></span> <span class='ocrx_word' id='word_1_34' title='bbox 1153 779 1222 865; x_wconf 91' lang='lat' dir='ltr'><strong>qui·</strong></span> 
     </span>
     <span class='ocr_line' id='line_1_6' title="bbox 138 887 1222 972; baseline -0.003 -18"><span class='ocrx_word' id='word_1_35' title='bbox 138 889 213 956; x_wconf 91' lang='lat' dir='ltr'><strong>dem</strong></span> <span class='ocrx_word' id='word_1_36' title='bbox 233 889 339 967; x_wconf 79' lang='lat' dir='ltr'><strong>lente3</strong></span> <span class='ocrx_word' id='word_1_37' title='bbox 371 911 446 952; x_wconf 86' lang='lat' dir='ltr'><strong>narn</strong></span> <span class='ocrx_word' id='word_1_38' title='bbox 480 888 623 953; x_wconf 75' lang='lat' dir='ltr'><strong>tardiora</strong></span> <span class='ocrx_word' id='word_1_39' title='bbox 655 890 732 952; x_wconf 92' lang='lat' dir='ltr'><strong>sunt</strong></span> <span class='ocrx_word' id='word_1_40' title='bbox 763 887 902 953; x_wconf 89' lang='lat' dir='ltr'><strong>remedia</strong></span> <span class='ocrx_word' id='word_1_41' title='bbox 933 908 1031 972; x_wconf 87' lang='lat' dir='ltr'><strong>quam</strong></span> <span class='ocrx_word' id='word_1_42' title='bbox 1056 887 1142 951; x_wconf 89' lang='lat' dir='ltr'><strong>mala</strong></span> <span class='ocrx_word' id='word_1_43' title='bbox 1162 896 1222 951; x_wconf 87' lang='lat' dir='ltr'><strong>nec</strong></span> 
     </span>
     <span class='ocr_line' id='line_1_7' title="bbox 139 991 1223 1078; baseline -0.004 -19"><span class='ocrx_word' id='word_1_44' title='bbox 139 996 334 1061; x_wconf 78' lang='lat' dir='ltr'><strong>revocantur·</strong></span> <span class='ocrx_word' id='word_1_45' title='bbox 354 993 448 1058; x_wconf 88' lang='lat' dir='ltr'><strong>facile</strong></span> <span class='ocrx_word' id='word_1_46' title='bbox 460 1015 614 1078; x_wconf 87' lang='lat' dir='ltr'><strong>oppressa</strong></span> <span class='ocrx_word' id='word_1_47' title='bbox 629 993 758 1077; x_wconf 83' lang='lat' dir='ltr'><strong>ingenia</strong></span> <span class='ocrx_word' id='word_1_48' title='bbox 769 992 937 1076; x_wconf 90' lang='lat' dir='ltr'><strong>studiaque</strong></span> <span class='ocrx_word' id='word_1_49' title='bbox 992 991 1102 1076; x_wconf 87' lang='lat' dir='ltr'><strong>Atque</strong></span> <span class='ocrx_word' id='word_1_50' title='bbox 1114 1013 1223 1076; x_wconf 90' lang='lat' dir='ltr'><strong>prom·</strong></span> 
     </span>
     <span class='ocr_line' id='line_1_8' title="bbox 140 1095 1224 1186; baseline -0.003 -22"><span class='ocrx_word' id='word_1_51' title='bbox 140 1099 295 1186; x_wconf 88' lang='lat' dir='ltr'><strong>ptissimis</strong></span> <span class='ocrx_word' id='word_1_52' title='bbox 315 1099 447 1165; x_wconf 84' lang='lat' dir='ltr'><strong>saevitia</strong></span> <span class='ocrx_word' id='word_1_53' title='bbox 462 1098 642 1164; x_wconf 89' lang='lat' dir='ltr'><strong>Domitiani</strong></span> <span class='ocrx_word' id='word_1_54' title='bbox 653 1099 842 1183; x_wconf 91' lang='lat' dir='ltr'><strong>interceptis</strong></span> <span class='ocrx_word' id='word_1_55' title='bbox 864 1120 904 1163; x_wconf 89' lang='lat' dir='ltr'><strong>ne</strong></span> <span class='ocrx_word' id='word_1_56' title='bbox 926 1119 986 1162; x_wconf 89' lang='lat' dir='ltr'><strong>nos</strong></span> <span class='ocrx_word' id='word_1_57' title='bbox 1008 1097 1138 1183; x_wconf 91' lang='lat' dir='ltr'><strong>quidem</strong></span> <span class='ocrx_word' id='word_1_58' title='bbox 1161 1095 1224 1161; x_wconf 91' lang='lat' dir='ltr'><strong>nisi</strong></span> 
     </span>
    </p>
   </div>
   <div class='ocr_carea' id='block_1_3' title="bbox 137 1203 1224 2134">
    <p class='ocr_par' dir='ltr' id='par_1_3' title="bbox 137 1203 1224 2134">
     <span class='ocr_line' id='line_1_9' title="bbox 142 1203 1224 1291; baseline -0.002 -21"><span class='ocrx_word' id='word_1_59' title='bbox 142 1205 323 1271; x_wconf 78' lang='lat' dir='ltr'><strong>»hebetatis</strong></span> <span class='ocrx_word' id='word_1_60' title='bbox 345 1205 380 1270; x_wconf 93' lang='lat' dir='ltr'><strong>in</strong></span> <span class='ocrx_word' id='word_1_61' title='bbox 404 1207 568 1291; x_wconf 88' lang='lat' dir='ltr'><strong>posterum</strong></span> <span class='ocrx_word' id='word_1_62' title='bbox 591 1205 751 1290; x_wconf 80' lang='lat' dir='ltr'><strong>ingeniis«</strong></span> <span class='ocrx_word' id='word_1_63' title='bbox 776 1227 792 1268; x_wconf 91' lang='lat' dir='ltr'><strong>e</strong></span> <span class='ocrx_word' id='word_1_64' title='bbox 820 1203 948 1269; x_wconf 90' lang='lat' dir='ltr'><strong>silentio</strong></span> <span class='ocrx_word' id='word_1_65' title='bbox 971 1204 1125 1268; x_wconf 88' lang='lat' dir='ltr'><strong>diuturno</strong></span> <span class='ocrx_word' id='word_1_66' title='bbox 1148 1225 1224 1288; x_wconf 90' lang='lat' dir='ltr'><strong>pro·</strong></span> 
     </span>
     <span class='ocr_line' id='line_1_10' title="bbox 137 1300 1223 1395; baseline 0 -20"><span class='ocrx_word' id='word_1_67' title='bbox 137 1310 263 1375; x_wconf 89' lang='lat' dir='ltr'><strong>diimus.</strong></span> <span class='ocrx_word' id='word_1_68' title='bbox 310 1309 387 1376; x_wconf 89' lang='lat' dir='ltr'><strong>Non</strong></span> <span class='ocrx_word' id='word_1_69' title='bbox 417 1300 527 1375; x_wconf 85' lang='lat' dir='ltr'><strong>tamen</strong></span> <span class='ocrx_word' id='word_1_70' title='bbox 560 1310 687 1395; x_wconf 77' lang='lat' dir='ltr'><strong>pigebit</strong></span> <span class='ocrx_word' id='word_1_71' title='bbox 721 1311 772 1376; x_wconf 85' lang='lat' dir='ltr'><strong>rel</strong></span> <span class='ocrx_word' id='word_1_72' title='bbox 805 1310 970 1376; x_wconf 87' lang='lat' dir='ltr'><strong>incondita</strong></span> <span class='ocrx_word' id='word_1_73' title='bbox 992 1331 1029 1375; x_wconf 89' lang='lat' dir='ltr'><strong>ac</strong></span> <span class='ocrx_word' id='word_1_74' title='bbox 1050 1309 1124 1373; x_wconf 89' lang='lat' dir='ltr'><strong>rudi</strong></span> <span class='ocrx_word' id='word_1_75' title='bbox 1145 1331 1223 1375; x_wconf 87' lang='lat' dir='ltr'><strong>voce</strong></span> 
     </span>
     <span class='ocr_line' id='line_1_11' title="bbox 138 1413 1224 1502; baseline 0 -22"><span class='ocrx_word' id='word_1_76' title='bbox 138 1413 310 1481; x_wconf 80' lang='lat' dir='ltr'><strong>historiam</strong></span> <span class='ocrx_word' id='word_1_77' title='bbox 332 1416 516 1480; x_wconf 90' lang='lat' dir='ltr'><strong>nostrorum</strong></span> <span class='ocrx_word' id='word_1_78' title='bbox 547 1420 730 1500; x_wconf 88' lang='lat' dir='ltr'><strong>temporum</strong></span> <span class='ocrx_word' id='word_1_79' title='bbox 760 1417 941 1502; x_wconf 84' lang='lat' dir='ltr'><strong>scripsisse;</strong></span> <span class='ocrx_word' id='word_1_80' title='bbox 972 1415 1103 1481; x_wconf 82' lang='lat' dir='ltr'><strong>interim</strong></span> <span class='ocrx_word' id='word_1_81' title='bbox 1125 1413 1224 1501; x_wconf 82' lang='lat' dir='ltr'><strong>Agri-</strong></span> 
     </span>
     <span class='ocr_line' id='line_1_12' title="bbox 138 1519 1190 1606; baseline 0 -20"><span class='ocrx_word' id='word_1_82' title='bbox 138 1520 227 1586; x_wconf 84' lang='lat' dir='ltr'><strong>colae</strong></span> <span class='ocrx_word' id='word_1_83' title='bbox 250 1519 329 1585; x_wconf 88' lang='lat' dir='ltr'><strong>haec</strong></span> <span class='ocrx_word' id='word_1_84' title='bbox 352 1521 419 1587; x_wconf 84' lang='lat' dir='ltr'><strong>rita</strong></span> <span class='ocrx_word' id='word_1_85' title='bbox 442 1521 640 1606; x_wconf 86' lang='lat' dir='ltr'><strong>professione</strong></span> <span class='ocrx_word' id='word_1_86' title='bbox 663 1521 793 1606; x_wconf 86' lang='lat' dir='ltr'><strong>pietatis</strong></span> <span class='ocrx_word' id='word_1_87' title='bbox 816 1526 901 1586; x_wconf 91' lang='lat' dir='ltr'><strong>certe</strong></span> <span class='ocrx_word' id='word_1_88' title='bbox 924 1524 1074 1586; x_wconf 86' lang='lat' dir='ltr'><strong>excusata</strong></span> <span class='ocrx_word' id='word_1_89' title='bbox 1096 1521 1190 1586; x_wconf 77' lang='lat' dir='ltr'><strong>erit«.</strong></span> 
     </span>
     <span class='ocr_line' id='line_1_13' title="bbox 223 1624 1221 1712; baseline 0.001 -22"><span class='ocrx_word' id='word_1_90' title='bbox 223 1624 309 1690; x_wconf 85' lang='lat' dir='ltr'><strong>Huic</strong></span> <span class='ocrx_word' id='word_1_91' title='bbox 332 1627 568 1692; x_wconf 86' lang='lat' dir='ltr'><strong>sententiarum</strong></span> <span class='ocrx_word' id='word_1_92' title='bbox 591 1625 746 1712; x_wconf 59' lang='grc'>0111111141)</span> <span class='ocrx_word' id='word_1_93' title='bbox 777 1649 814 1691; x_wconf 90' lang='grc'><strong>11</strong></span> <span class='ocrx_word' id='word_1_94' title='bbox 846 1648 929 1711; x_wconf 89' lang='lat' dir='ltr'><strong>quae</strong></span> <span class='ocrx_word' id='word_1_95' title='bbox 959 1629 1034 1692; x_wconf 89' lang='lat' dir='ltr'><strong>sunt</strong></span> <span class='ocrx_word' id='word_1_96' title='bbox 1056 1629 1097 1691; x_wconf 90' lang='lat' dir='ltr'><strong>at</strong></span> <span class='ocrx_word' id='word_1_97' title='bbox 1117 1647 1221 1691; x_wconf 90' lang='lat' dir='ltr'><strong>nunc</strong></span> 
     </span>
     <span class='ocr_line' id='line_1_14' title="bbox 139 1731 1223 1818; baseline 0 -23"><span class='ocrx_word' id='word_1_98' title='bbox 139 1767 177 1778; x_wconf 91' lang='lat'><em>-</em></span> <span class='ocrx_word' id='word_1_99' title='bbox 202 1733 396 1816; x_wconf 88' lang='lat' dir='ltr'><strong>tempora</strong></span> <span class='ocrx_word' id='word_1_100' title='bbox 424 1732 490 1797; x_wconf 84' lang='lat' dir='ltr'><strong>sive</strong></span> <span class='ocrx_word' id='word_1_101' title='bbox 513 1755 552 1797; x_wconf 86' lang='lat' dir='ltr'><strong>ex</strong></span> <span class='ocrx_word' id='word_1_102' title='bbox 574 1731 701 1818; x_wconf 85' lang='lat' dir='ltr'><strong>Hoeggi</strong></span> <span class='ocrx_word' id='word_1_103' title='bbox 723 1733 789 1798; x_wconf 87' lang='lat' dir='ltr'><strong>sive</strong></span> <span class='ocrx_word' id='word_1_104' title='bbox 813 1756 829 1799; x_wconf 93' lang='lat' dir='ltr'><strong>e</strong></span> <span class='ocrx_word' id='word_1_105' title='bbox 852 1732 957 1797; x_wconf 85' lang='lat' dir='ltr'><strong>Kritzi</strong></span> <span class='ocrx_word' id='word_1_106' title='bbox 980 1733 1145 1797; x_wconf 84' lang='lat' dir='ltr'><strong>voluntate</strong></span> <span class='ocrx_word' id='word_1_107' title='bbox 1169 1753 1223 1797; x_wconf 85' lang='lat' dir='ltr'><strong>ex·</strong></span> 
     </span>
     <span class='ocr_line' id='line_1_15' title="bbox 141 1835 1222 1923; baseline 0.002 -24"><span class='ocrx_word' id='word_1_108' title='bbox 141 1835 302 1921; x_wconf 85' lang='lat' dir='ltr'><strong>plicantur</strong></span> <span class='ocrx_word' id='word_1_109' title='bbox 325 1839 399 1923; x_wconf 91' lang='lat' dir='ltr'><strong>apte</strong></span> <span class='ocrx_word' id='word_1_110' title='bbox 423 1859 457 1902; x_wconf 89' lang='lat' dir='ltr'><strong>se</strong></span> <span class='ocrx_word' id='word_1_111' title='bbox 479 1859 545 1902; x_wconf 92' lang='lat' dir='ltr'><strong>non</strong></span> <span class='ocrx_word' id='word_1_112' title='bbox 569 1839 716 1903; x_wconf 90' lang='lat' dir='ltr'><strong>inserunt</strong></span> <span class='ocrx_word' id='word_1_113' title='bbox 738 1839 799 1903; x_wconf 90' lang='lat' dir='ltr'><strong>nisi</strong></span> <span class='ocrx_word' id='word_1_114' title='bbox 822 1839 879 1902; x_wconf 89' lang='lat' dir='ltr'><strong>tali</strong></span> <span class='ocrx_word' id='word_1_115' title='bbox 897 1837 964 1903; x_wconf 84' lang='lat' dir='ltr'><strong>fere</strong></span> <span class='ocrx_word' id='word_1_116' title='bbox 980 1837 1075 1902; x_wconf 89' lang='lat' dir='ltr'><strong>modo</strong></span> <span class='ocrx_word' id='word_1_117' title='bbox 1098 1839 1131 1902; x_wconf 91' lang='lat' dir='ltr'><strong>et</strong></span> <span class='ocrx_word' id='word_1_118' title='bbox 1152 1859 1222 1902; x_wconf 90' lang='lat' dir='ltr'><strong>mu·</strong></span> 
     </span>
     <span class='ocr_line' id='line_1_16' title="bbox 139 1942 1219 2028; baseline 0 -22"><span class='ocrx_word' id='word_1_119' title='bbox 139 1943 208 2006; x_wconf 87' lang='lat' dir='ltr'><strong>tata</strong></span> <span class='ocrx_word' id='word_1_120' title='bbox 230 1944 262 2006; x_wconf 90' lang='lat' dir='ltr'><strong>et</strong></span> <span class='ocrx_word' id='word_1_121' title='bbox 285 1942 451 2028; x_wconf 87' lang='lat' dir='ltr'><strong>suppleta:</strong></span> <span class='ocrx_word' id='word_1_122' title='bbox 500 1942 687 2008; x_wconf 76' lang='lat' dir='ltr'><strong>»Clarorum</strong></span> <span class='ocrx_word' id='word_1_123' title='bbox 717 1945 861 2009; x_wconf 91' lang='lat' dir='ltr'><strong>virorum</strong></span> <span class='ocrx_word' id='word_1_124' title='bbox 887 1979 930 1992; x_wconf 90' lang='lat'><em>-</em></span> <span class='ocrx_word' id='word_1_125' title='bbox 958 1943 1219 2009; x_wconf 87' lang='lat' dir='ltr'><strong>aestimabantur.</strong></span> 
     </span>
     <span class='ocr_line' id='line_1_17' title="bbox 138 2044 1223 2134; baseline 0.001 -23"><span class='ocrx_word' id='word_1_126' title='bbox 138 2044 185 2110; x_wconf 78' lang='lat' dir='ltr'><strong>Aa</strong></span> <span class='ocrx_word' id='word_1_127' title='bbox 212 2068 310 2130; x_wconf 86' lang='lat' dir='ltr'><strong>nuper</strong></span> <span class='ocrx_word' id='word_1_128' title='bbox 343 2048 398 2130; x_wconf 90' lang='lat' dir='ltr'><strong>[ne</strong></span> <span class='ocrx_word' id='word_1_129' title='bbox 435 2049 507 2112; x_wconf 89' lang='lat' dir='ltr'><strong>tuto</strong></span> <span class='ocrx_word' id='word_1_130' title='bbox 542 2049 670 2132; x_wconf 87' lang='lat' dir='ltr'><strong>quidem</strong></span> <span class='ocrx_word' id='word_1_131' title='bbox 692 2050 831 2113; x_wconf 87' lang='lat' dir='ltr'><strong>scribere</strong></span> <span class='ocrx_word' id='word_1_132' title='bbox 854 2048 1017 2134; x_wconf 87' lang='lat' dir='ltr'><strong>potuimus</strong></span> <span class='ocrx_word' id='word_1_133' title='bbox 1040 2050 1087 2132; x_wconf 90' lang='lat' dir='ltr'><strong>et]</strong></span> <span class='ocrx_word' id='word_1_134' title='bbox 1110 2069 1223 2112; x_wconf 88' lang='lat' dir='ltr'><strong>narra-</strong></span> 
     </span>
    </p>
   </div>
   <div class='ocr_carea' id='block_1_4' title="bbox 137 2152 1316 2239">
    <p class='ocr_par' dir='ltr' id='par_1_4' title="bbox 137 2152 1316 2239">
     <span class='ocr_line' id='line_1_18' title="bbox 137 2152 1316 2239; baseline 0.002 -23"><span class='ocrx_word' id='word_1_135' title='bbox 137 2154 211 2217; x_wconf 91' lang='lat' dir='ltr'><strong>turo</strong></span> <span class='ocrx_word' id='word_1_136' title='bbox 234 2175 277 2216; x_wconf 94' lang='lat' dir='ltr'><strong>m.</strong></span> <span class='ocrx_word' id='word_1_137' title='bbox 301 2152 359 2217; x_wconf 86' lang='lat' dir='ltr'><strong>vit.</strong></span> <span class='ocrx_word' id='word_1_138' title='bbox 384 2152 446 2217; x_wconf 88' lang='lat' dir='ltr'><strong>def.</strong></span> <span class='ocrx_word' id='word_1_139' title='bbox 468 2152 552 2217; x_wconf 92' lang='lat' dir='ltr'><strong>hcm.</strong></span> <span class='ocrx_word' id='word_1_140' title='bbox 578 2176 648 2218; x_wconf 87' lang='lat' dir='ltr'><strong>ren.</strong></span> <span class='ocrx_word' id='word_1_141' title='bbox 673 2176 724 2239; x_wconf 91' lang='lat' dir='ltr'><strong>op.</strong></span> <span class='ocrx_word' id='word_1_142' title='bbox 748 2153 825 2235; x_wconf 89' lang='lat' dir='ltr'><strong>fuit,</strong></span> <span class='ocrx_word' id='word_1_143' title='bbox 849 2176 945 2238; x_wconf 89' lang='lat' dir='ltr'><strong>quam</strong></span> <span class='ocrx_word' id='word_1_144' title='bbox 967 2175 1034 2218; x_wconf 90' lang='lat' dir='ltr'><strong>non</strong></span> <span class='ocrx_word' id='word_1_145' title='bbox 1055 2156 1151 2236; x_wconf 87' lang='lat' dir='ltr'><strong>petivi</strong></span> <span class='ocrx_word' id='word_1_146' title='bbox 1171 2153 1223 2218; x_wconf 92' lang='lat' dir='ltr'><strong>in·</strong></span> <span class='ocrx_word' id='word_1_147' title='bbox 1310 2213 1316 2225; x_wconf 86' lang='grc'><em>,</em></span> 
     </span>
    </p>
   </div>
   <div class='ocr_carea' id='block_1_5' title="bbox 136 2257 1299 3291">
    <p class='ocr_par' dir='ltr' id='par_1_5' title="bbox 136 2257 1299 3291">
     <span class='ocr_line' id='line_1_19' title="bbox 138 2257 1299 2345; baseline 0 -23"><span class='ocrx_word' id='word_1_148' title='bbox 138 2278 203 2322; x_wconf 92' lang='lat' dir='ltr'><strong>cus.</strong></span> <span class='ocrx_word' id='word_1_149' title='bbox 226 2259 340 2322; x_wconf 80' lang='lat' dir='ltr'><strong>tems.</strong></span> <span class='ocrx_word' id='word_1_150' title='bbox 365 2259 399 2323; x_wconf 91' lang='lat' dir='ltr'><strong>et</strong></span> <span class='ocrx_word' id='word_1_151' title='bbox 420 2257 564 2323; x_wconf 77' lang='grc'>11111111.</span> <span class='ocrx_word' id='word_1_152' title='bbox 585 2261 730 2345; x_wconf 86' lang='lat' dir='ltr'><strong>tempora</strong></span> <span class='ocrx_word' id='word_1_153' title='bbox 755 2258 944 2344; x_wconf 75' lang='lat' dir='ltr'><strong>putruisse</strong></span> <span class='ocrx_word' id='word_1_154' title='bbox 967 2280 1004 2323; x_wconf 88' lang='lat' dir='ltr'><strong>ea</strong></span> <span class='ocrx_word' id='word_1_155' title='bbox 1027 2281 1066 2323; x_wconf 86' lang='grc'><strong>111</strong></span> <span class='ocrx_word' id='word_1_156' title='bbox 1087 2280 1223 2343; x_wconf 89' lang='lat' dir='ltr'><strong>sequen·</strong></span> <span class='ocrx_word' id='word_1_157' title='bbox 1298 2277 1299 2282; x_wconf 51' lang='lat'>¹</span> 
     </span>
     <span class='ocr_line' id='line_1_20' title="bbox 138 2361 1219 2451; baseline 0.005 -27"><span class='ocrx_word' id='word_1_158' title='bbox 138 2361 227 2425; x_wconf 85' lang='lat' dir='ltr'><strong>tibus</strong></span> <span class='ocrx_word' id='word_1_159' title='bbox 250 2364 429 2446; x_wconf 84' lang='lat' dir='ltr'><strong>apparet‹].</strong></span> <span class='ocrx_word' id='word_1_160' title='bbox 474 2363 662 2429; x_wconf 86' lang='lat' dir='ltr'><strong>Domitiano</strong></span> <span class='ocrx_word' id='word_1_161' title='bbox 688 2365 865 2451; x_wconf 85' lang='lat' dir='ltr'><strong>imperante</strong></span> <span class='ocrx_word' id='word_1_162' title='bbox 884 2367 1104 2431; x_wconf 87' lang='lat' dir='ltr'><strong>-excusatus</strong></span> <span class='ocrx_word' id='word_1_163' title='bbox 1127 2363 1219 2429; x_wconf 80' lang='lat' dir='ltr'><strong>erit«</strong></span> 
     </span>
     <span class='ocr_line' id='line_1_21' title="bbox 139 2463 1223 2536; baseline 0.003 -6"><span class='ocrx_word' id='word_1_164' title='bbox 139 2467 173 2530; x_wconf 90' lang='lat' dir='ltr'><strong>et</strong></span> <span class='ocrx_word' id='word_1_165' title='bbox 197 2463 382 2531; x_wconf 78' lang='lat' dir='ltr'><strong>»Clarorum</strong></span> <span class='ocrx_word' id='word_1_166' title='bbox 404 2469 546 2532; x_wconf 84' lang='lat' dir='ltr'><strong>virorum</strong></span> <span class='ocrx_word' id='word_1_167' title='bbox 564 2507 601 2516; x_wconf 89' lang='lat'><strong>—·</strong></span> <span class='ocrx_word' id='word_1_168' title='bbox 627 2470 891 2535; x_wconf 89' lang='lat' dir='ltr'><strong>aestimabantur.</strong></span> <span class='ocrx_word' id='word_1_169' title='bbox 936 2470 983 2536; x_wconf 89' lang='lat' dir='ltr'><strong>At</strong></span> <span class='ocrx_word' id='word_1_170' title='bbox 1003 2490 1089 2535; x_wconf 91' lang='lat' dir='ltr'><strong>nunc</strong></span> <span class='ocrx_word' id='word_1_171' title='bbox 1111 2490 1223 2534; x_wconf 87' lang='lat' dir='ltr'><strong>narra·</strong></span> 
     </span>
     <span class='ocr_line' id='line_1_22' title="bbox 138 2571 1238 2662; baseline 0.005 -29"><span class='ocrx_word' id='word_1_172' title='bbox 138 2571 212 2636; x_wconf 85' lang='lat' dir='ltr'><strong>turo</strong></span> <span class='ocrx_word' id='word_1_173' title='bbox 235 2593 278 2636; x_wconf 90' lang='lat' dir='ltr'><strong>m.</strong></span> <span class='ocrx_word' id='word_1_174' title='bbox 301 2571 356 2636; x_wconf 87' lang='lat' dir='ltr'><strong>rit.</strong></span> <span class='ocrx_word' id='word_1_175' title='bbox 379 2571 439 2638; x_wconf 88' lang='lat' dir='ltr'><strong>def.</strong></span> <span class='ocrx_word' id='word_1_176' title='bbox 464 2573 550 2639; x_wconf 89' lang='lat' dir='ltr'><strong>hom.</strong></span> <span class='ocrx_word' id='word_1_177' title='bbox 574 2575 668 2640; x_wconf 86' lang='lat' dir='ltr'><strong>venia</strong></span> <span class='ocrx_word' id='word_1_178' title='bbox 691 2598 772 2662; x_wconf 90' lang='lat' dir='ltr'><strong>opus</strong></span> <span class='ocrx_word' id='word_1_179' title='bbox 794 2583 841 2643; x_wconf 86' lang='lat' dir='ltr'><strong>est</strong></span> <span class='ocrx_word' id='word_1_180' title='bbox 868 2576 923 2662; x_wconf 88' lang='lat' dir='ltr'><strong>(ab</strong></span> <span class='ocrx_word' id='word_1_181' title='bbox 945 2576 1040 2641; x_wconf 90' lang='lat' dir='ltr'><strong>initio</strong></span> <span class='ocrx_word' id='word_1_182' title='bbox 1060 2575 1169 2640; x_wconf 91' lang='lat' dir='ltr'><strong>statim</strong></span> <span class='ocrx_word' id='word_1_183' title='bbox 1191 2582 1238 2639; x_wconf 70' lang='lat' dir='ltr'><strong>v.</strong></span> 
     </span>
     <span class='ocr_line' id='line_1_23' title="bbox 139 2673 1222 2768; baseline 0.006 -28"><span class='ocrx_word' id='word_1_184' title='bbox 139 2696 190 2760; x_wconf 88' lang='lat' dir='ltr'><strong>op.</strong></span> <span class='ocrx_word' id='word_1_185' title='bbox 215 2673 307 2762; x_wconf 82' lang='lat' dir='ltr'><strong>fuit),</strong></span> <span class='ocrx_word' id='word_1_186' title='bbox 342 2699 440 2762; x_wconf 87' lang='lat' dir='ltr'><strong>quam</strong></span> <span class='ocrx_word' id='word_1_187' title='bbox 463 2702 530 2745; x_wconf 91' lang='lat' dir='ltr'><strong>non</strong></span> <span class='ocrx_word' id='word_1_188' title='bbox 552 2689 687 2764; x_wconf 88' lang='lat' dir='ltr'><strong>peterem</strong></span> <span class='ocrx_word' id='word_1_189' title='bbox 709 2681 887 2768; x_wconf 88' lang='lat' dir='ltr'><strong>(petissem)</strong></span> <span class='ocrx_word' id='word_1_190' title='bbox 916 2683 1018 2748; x_wconf 87' lang='lat' dir='ltr'><strong>incus&#39;.</strong></span> <span class='ocrx_word' id='word_1_191' title='bbox 1041 2685 1109 2747; x_wconf 89' lang='lat' dir='ltr'><strong>tarn</strong></span> <span class='ocrx_word' id='word_1_192' title='bbox 1140 2703 1163 2746; x_wconf 90' lang='lat' dir='ltr'><strong>s.</strong></span> <span class='ocrx_word' id='word_1_193' title='bbox 1188 2683 1222 2746; x_wconf 90' lang='lat' dir='ltr'><strong>et</strong></span> 
     </span>
     <span class='ocr_line' id='line_1_24' title="bbox 137 2779 1221 2876; baseline 0.006 -31"><span class='ocrx_word' id='word_1_194' title='bbox 137 2779 196 2846; x_wconf 84' lang='lat' dir='ltr'><strong>ius.</strong></span> <span class='ocrx_word' id='word_1_195' title='bbox 219 2782 294 2846; x_wconf 85' lang='lat' dir='ltr'><strong>virt.</strong></span> <span class='ocrx_word' id='word_1_196' title='bbox 318 2785 467 2869; x_wconf 86' lang='lat' dir='ltr'><strong>tempora</strong></span> <span class='ocrx_word' id='word_1_197' title='bbox 492 2781 541 2874; x_wconf 89' lang='lat' dir='ltr'><strong>[ut</strong></span> <span class='ocrx_word' id='word_1_198' title='bbox 562 2787 659 2853; x_wconf 87' lang='lat' dir='ltr'><strong>fuisse</strong></span> <span class='ocrx_word' id='word_1_199' title='bbox 683 2809 719 2852; x_wconf 89' lang='lat' dir='ltr'><strong>ea</strong></span> <span class='ocrx_word' id='word_1_200' title='bbox 750 2809 767 2852; x_wconf 91' lang='grc'><strong>1</strong></span> <span class='ocrx_word' id='word_1_201' title='bbox 790 2789 907 2876; x_wconf 91' lang='lat' dir='ltr'><strong>quibus</strong></span> <span class='ocrx_word' id='word_1_202' title='bbox 929 2788 1048 2852; x_wconf 86' lang='lat' dir='ltr'><strong>residet</strong></span> <span class='ocrx_word' id='word_1_203' title='bbox 1070 2787 1104 2851; x_wconf 91' lang='lat' dir='ltr'><strong>in</strong></span> <span class='ocrx_word' id='word_1_204' title='bbox 1127 2786 1221 2851; x_wconf 88' lang='lat' dir='ltr'><strong>nobis</strong></span> 
     </span>
     <span class='ocr_line' id='line_1_25' title="bbox 137 2887 1220 2978; baseline 0.006 -27"><span class='ocrx_word' id='word_1_205' title='bbox 137 2887 269 2952; x_wconf 78' lang='lat' dir='ltr'><strong>virtutis</strong></span> <span class='ocrx_word' id='word_1_206' title='bbox 291 2888 352 2952; x_wconf 88' lang='lat' dir='ltr'><strong>ista</strong></span> <span class='ocrx_word' id='word_1_207' title='bbox 375 2889 501 2956; x_wconf 89' lang='lat' dir='ltr'><strong>incuria</strong></span> <span class='ocrx_word' id='word_1_208' title='bbox 523 2914 563 2957; x_wconf 86' lang='lat' dir='ltr'><strong>ex</strong></span> <span class='ocrx_word' id='word_1_209' title='bbox 585 2894 793 2977; x_wconf 88' lang='lat' dir='ltr'><strong>sequentibus</strong></span> <span class='ocrx_word' id='word_1_210' title='bbox 816 2893 976 2978; x_wconf 69' lang='lat' dir='ltr'><strong>apparet}</strong></span> <span class='ocrx_word' id='word_1_211' title='bbox 1033 2891 1220 2957; x_wconf 87' lang='lat' dir='ltr'><strong>Domitiano</strong></span> 
     </span>
     <span class='ocr_line' id='line_1_26' title="bbox 139 2992 1221 3084; baseline 0.004 -28"><span class='ocrx_word' id='word_1_212' title='bbox 139 3027 180 3039; x_wconf 91' lang='lat'><em>-</em></span> <span class='ocrx_word' id='word_1_213' title='bbox 204 2992 297 3058; x_wconf 76' lang='lat' dir='ltr'><strong>erit«.</strong></span> <span class='ocrx_word' id='word_1_214' title='bbox 344 2992 420 3060; x_wconf 90' lang='lat' dir='ltr'><strong>Non</strong></span> <span class='ocrx_word' id='word_1_215' title='bbox 444 2998 562 3063; x_wconf 91' lang='lat' dir='ltr'><strong>temere</strong></span> <span class='ocrx_word' id='word_1_216' title='bbox 585 2999 687 3083; x_wconf 87' lang='lat' dir='ltr'><strong>igitur</strong></span> <span class='ocrx_word' id='word_1_217' title='bbox 710 2998 881 3084; x_wconf 89' lang='lat' dir='ltr'><strong>posteriori</strong></span> <span class='ocrx_word' id='word_1_218' title='bbox 892 2998 1155 3082; x_wconf 88' lang='lat' dir='ltr'><strong>interpretationi</strong></span> <span class='ocrx_word' id='word_1_219' title='bbox 1167 3018 1221 3062; x_wconf 85' lang='lat' dir='ltr'><strong>ex-</strong></span> 
     </span>
     <span class='ocr_line' id='line_1_27' title="bbox 138 3097 1251 3190; baseline 0.004 -28"><span class='ocrx_word' id='word_1_220' title='bbox 138 3097 309 3184; x_wconf 82' lang='lat' dir='ltr'><strong>probravit</strong></span> <span class='ocrx_word' id='word_1_221' title='bbox 330 3097 497 3186; x_wconf 85' lang='lat' dir='ltr'><strong>Hoeggius</strong></span> <span class='ocrx_word' id='word_1_222' title='bbox 520 3103 562 3186; x_wconf 87' lang='lat' dir='ltr'><strong>(p.</strong></span> <span class='ocrx_word' id='word_1_223' title='bbox 588 3104 637 3168; x_wconf 86' lang='lat'><strong>10.</strong></span> <span class='ocrx_word' id='word_1_224' title='bbox 656 3105 721 3189; x_wconf 75' lang='lat' dir='ltr'><strong>l2lz</strong></span> <span class='ocrx_word' id='word_1_225' title='bbox 748 3102 962 3190; x_wconf 84' lang='lat' dir='ltr'><strong>»Refragatur</strong></span> <span class='ocrx_word' id='word_1_226' title='bbox 984 3102 1058 3168; x_wconf 91' lang='lat' dir='ltr'><strong>huic</strong></span> <span class='ocrx_word' id='word_1_227' title='bbox 1081 3103 1222 3188; x_wconf 85' lang='lat' dir='ltr'><strong>explica·</strong></span> <span class='ocrx_word' id='word_1_228' title='bbox 1250 3117 1251 3121; x_wconf 76' lang='grc'>’</span> 
     </span>
     <span class='ocr_line' id='line_1_28' title="bbox 136 3203 1220 3291; baseline 0.005 -25"><span class='ocrx_word' id='word_1_229' title='bbox 136 3203 222 3269; x_wconf 86' lang='lat' dir='ltr'><strong>tioni</strong></span> <span class='ocrx_word' id='word_1_230' title='bbox 256 3204 308 3268; x_wconf 85' lang='lat' dir='ltr'><strong>vel</strong></span> <span class='ocrx_word' id='word_1_231' title='bbox 342 3205 410 3270; x_wconf 89' lang='lat' dir='ltr'><strong>sola</strong></span> <span class='ocrx_word' id='word_1_232' title='bbox 442 3207 626 3291; x_wconf 89' lang='lat' dir='ltr'><strong>temporum</strong></span> <span class='ocrx_word' id='word_1_233' title='bbox 660 3230 827 3275; x_wconf 80' lang='lat' dir='ltr'><strong>saevorum</strong></span> <span class='ocrx_word' id='word_1_234' title='bbox 861 3209 1142 3274; x_wconf 77' lang='lat' dir='ltr'><strong>commemoratio«</strong></span> <span class='ocrx_word' id='word_1_235' title='bbox 1186 3210 1220 3273; x_wconf 91' lang='lat' dir='ltr'><strong>et</strong></span> 
     </span>
    </p>
   </div>
   <div class='ocr_carea' id='block_1_6' title="bbox 136 3352 421 3367">
    <p class='ocr_par' dir='ltr' id='par_1_6' title="bbox 136 3352 421 3367">
     <span class='ocr_line' id='line_1_29' title="bbox 136 3352 421 3367; baseline 0.011 -3"><span class='ocrx_word' id='word_1_236' title='bbox 136 3352 421 3367; x_wconf 49' lang='lat' dir='ltr'><strong>m—</strong></span> 
     </span>
    </p>
   </div>
   <div class='ocr_carea' id='block_1_7' title="bbox 134 3455 1221 4344">
    <p class='ocr_par' dir='ltr' id='par_1_7' title="bbox 134 3455 1221 4344">
     <span class='ocr_line' id='line_1_30' title="bbox 209 3455 1220 3533; baseline 0.001 -18"><span class='ocrx_word' id='word_1_237' title='bbox 209 3460 256 3533; x_wconf 82' lang='lat'><strong>42)</strong></span> <span class='ocrx_word' id='word_1_238' title='bbox 274 3458 301 3516; x_wconf 89' lang='lat' dir='ltr'><strong>Is</strong></span> <span class='ocrx_word' id='word_1_239' title='bbox 320 3478 384 3517; x_wconf 89' lang='lat' dir='ltr'><strong>cum</strong></span> <span class='ocrx_word' id='word_1_240' title='bbox 403 3459 432 3516; x_wconf 92' lang='lat' dir='ltr'><strong>in</strong></span> <span class='ocrx_word' id='word_1_241' title='bbox 452 3459 611 3516; x_wconf 86' lang='lat' dir='ltr'><strong>enarranda</strong></span> <span class='ocrx_word' id='word_1_242' title='bbox 636 3477 687 3531; x_wconf 89' lang='lat' dir='ltr'><strong>per</strong></span> <span class='ocrx_word' id='word_1_243' title='bbox 704 3458 828 3516; x_wconf 85' lang='lat' dir='ltr'><strong>diversas</strong></span> <span class='ocrx_word' id='word_1_244' title='bbox 852 3459 961 3515; x_wconf 87' lang='lat' dir='ltr'><strong>aetates</strong></span> <span class='ocrx_word' id='word_1_245' title='bbox 980 3474 1053 3529; x_wconf 89' lang='lat' dir='ltr'><strong>quae</strong></span> <span class='ocrx_word' id='word_1_246' title='bbox 1071 3455 1159 3517; x_wconf 83' lang='lat' dir='ltr'><strong>fuerit</strong></span> <span class='ocrx_word' id='word_1_247' title='bbox 1179 3460 1220 3518; x_wconf 88' lang='lat' dir='ltr'><strong>vi·</strong></span> 
     </span>
     <span class='ocr_line' id='line_1_31' title="bbox 136 3550 1220 3623; baseline 0.003 -18"><span class='ocrx_word' id='word_1_248' title='bbox 136 3551 230 3605; x_wconf 85' lang='lat' dir='ltr'><strong>tarum</strong></span> <span class='ocrx_word' id='word_1_249' title='bbox 248 3552 417 3623; x_wconf 89' lang='lat' dir='ltr'><strong>scriptorum</strong></span> <span class='ocrx_word' id='word_1_250' title='bbox 436 3550 602 3607; x_wconf 87' lang='lat' dir='ltr'><strong>condicione</strong></span> <span class='ocrx_word' id='word_1_251' title='bbox 620 3553 761 3617; x_wconf 79' lang='lat' dir='ltr'><strong>versetur,</strong></span> <span class='ocrx_word' id='word_1_252' title='bbox 786 3551 874 3607; x_wconf 79' lang='lat' dir='ltr'><strong>verba</strong></span> <span class='ocrx_word' id='word_1_253' title='bbox 902 3566 974 3619; x_wconf 90' lang='lat' dir='ltr'><strong>quae</strong></span> <span class='ocrx_word' id='word_1_254' title='bbox 1004 3552 1070 3605; x_wconf 90' lang='lat' dir='ltr'><strong>sunt</strong></span> <span class='ocrx_word' id='word_1_255' title='bbox 1087 3567 1155 3607; x_wconf 90' lang='lat' dir='ltr'><strong>non</strong></span> <span class='ocrx_word' id='word_1_256' title='bbox 1172 3553 1220 3609; x_wconf 84' lang='lat' dir='ltr'><strong>ta·</strong></span> 
     </span>
     <span class='ocr_line' id='line_1_32' title="bbox 135 3639 1221 3713; baseline 0.002 -18"><span class='ocrx_word' id='word_1_257' title='bbox 135 3657 211 3696; x_wconf 89' lang='lat' dir='ltr'><strong>men</strong></span> <span class='ocrx_word' id='word_1_258' title='bbox 225 3682 365 3698; x_wconf 91' lang='grc'><strong>......</strong></span> <span class='ocrx_word' id='word_1_259' title='bbox 384 3641 625 3713; x_wconf 85' lang='lat' dir='ltr'><strong>composuisse</strong></span> <span class='ocrx_word' id='word_1_260' title='bbox 643 3639 847 3711; x_wconf 87' lang='lat' dir='ltr'><strong>quodammodo</strong></span> <span class='ocrx_word' id='word_1_261' title='bbox 866 3641 981 3710; x_wconf 87' lang='lat' dir='ltr'><strong>praeter</strong></span> <span class='ocrx_word' id='word_1_262' title='bbox 998 3639 1160 3710; x_wconf 89' lang='lat' dir='ltr'><strong>opinionem</strong></span> <span class='ocrx_word' id='word_1_263' title='bbox 1179 3641 1221 3697; x_wconf 88' lang='lat' dir='ltr'><strong>di-</strong></span> 
     </span>
     <span class='ocr_line' id='line_1_33' title="bbox 136 3729 1221 3803; baseline 0.004 -19"><span class='ocrx_word' id='word_1_264' title='bbox 136 3731 183 3785; x_wconf 91' lang='lat' dir='ltr'><strong>cta</strong></span> <span class='ocrx_word' id='word_1_265' title='bbox 201 3733 276 3786; x_wconf 89' lang='lat' dir='ltr'><strong>sunt.</strong></span> <span class='ocrx_word' id='word_1_266' title='bbox 313 3732 446 3798; x_wconf 78' lang='lat' dir='ltr'><strong>Quamvis</strong></span> <span class='ocrx_word' id='word_1_267' title='bbox 465 3733 541 3789; x_wconf 88' lang='lat' dir='ltr'><strong>enim</strong></span> <span class='ocrx_word' id='word_1_268' title='bbox 560 3731 674 3787; x_wconf 84' lang='lat' dir='ltr'><strong>Tacitus</strong></span> <span class='ocrx_word' id='word_1_269' title='bbox 692 3730 750 3785; x_wconf 90' lang='lat' dir='ltr'><strong>iam</strong></span> <span class='ocrx_word' id='word_1_270' title='bbox 769 3730 805 3785; x_wconf 90' lang='lat' dir='ltr'><strong>ab</strong></span> <span class='ocrx_word' id='word_1_271' title='bbox 824 3729 914 3785; x_wconf 87' lang='lat' dir='ltr'><strong>altero</strong></span> <span class='ocrx_word' id='word_1_272' title='bbox 933 3746 994 3800; x_wconf 87' lang='lat' dir='ltr'><strong>cap.</strong></span> <span class='ocrx_word' id='word_1_273' title='bbox 1013 3730 1086 3786; x_wconf 88' lang='lat' dir='ltr'><strong>med.</strong></span> <span class='ocrx_word' id='word_1_274' title='bbox 1104 3748 1221 3803; x_wconf 86' lang='lat' dir='ltr'><strong>genera·</strong></span> 
     </span>
     <span class='ocr_line' id='line_1_34' title="bbox 135 3818 1221 3893; baseline 0.004 -19"><span class='ocrx_word' id='word_1_275' title='bbox 135 3820 189 3874; x_wconf 88' lang='lat' dir='ltr'><strong>tim</strong></span> <span class='ocrx_word' id='word_1_276' title='bbox 208 3818 300 3891; x_wconf 83' lang='lat' dir='ltr'><strong>magis</strong></span> <span class='ocrx_word' id='word_1_277' title='bbox 318 3820 463 3892; x_wconf 87' lang='lat' dir='ltr'><strong>disputare</strong></span> <span class='ocrx_word' id='word_1_278' title='bbox 483 3821 636 3893; x_wconf 88' lang='lat' dir='ltr'><strong>coepisset,</strong></span> <span class='ocrx_word' id='word_1_279' title='bbox 664 3822 833 3876; x_wconf 87' lang='lat' dir='ltr'><strong>nontamen</strong></span> <span class='ocrx_word' id='word_1_280' title='bbox 852 3820 974 3875; x_wconf 87' lang='lat' dir='ltr'><strong>attinuit</strong></span> <span class='ocrx_word' id='word_1_281' title='bbox 991 3819 1037 3875; x_wconf 93' lang='lat' dir='ltr'><strong>hic</strong></span> <span class='ocrx_word' id='word_1_282' title='bbox 1056 3821 1221 3891; x_wconf 86' lang='lat' dir='ltr'><strong>praedicare</strong></span> 
     </span>
     <span class='ocr_line' id='line_1_35' title="bbox 135 3909 1220 3982; baseline 0.002 -18"><span class='ocrx_word' id='word_1_283' title='bbox 135 3926 200 3964; x_wconf 89' lang='lat' dir='ltr'><strong>eum</strong></span> <span class='ocrx_word' id='word_1_284' title='bbox 221 3909 421 3964; x_wconf 79' lang='lat' dir='ltr'><strong>»nihilominus</strong></span> <span class='ocrx_word' id='word_1_285' title='bbox 439 3911 573 3968; x_wconf 87' lang='lat' dir='ltr'><strong>historias</strong></span> <span class='ocrx_word' id='word_1_286' title='bbox 591 3929 650 3966; x_wconf 91' lang='lat' dir='ltr'><strong>sum</strong></span> <span class='ocrx_word' id='word_1_287' title='bbox 681 3911 838 3975; x_wconf 75' lang='lat' dir='ltr'><strong>editurus«,</strong></span> <span class='ocrx_word' id='word_1_288' title='bbox 871 3909 919 3966; x_wconf 87' lang='lat' dir='ltr'><strong>sed</strong></span> <span class='ocrx_word' id='word_1_289' title='bbox 940 3910 1013 3964; x_wconf 77' lang='lat' dir='ltr'><strong>mih.</strong></span> <span class='ocrx_word' id='word_1_290' title='bbox 1032 3910 1105 3966; x_wconf 88' lang='lat' dir='ltr'><strong>hanc</strong></span> <span class='ocrx_word' id='word_1_291' title='bbox 1125 3911 1220 3982; x_wconf 82' lang='lat' dir='ltr'><strong>Agrie.</strong></span> 
     </span>
     <span class='ocr_line' id='line_1_36' title="bbox 134 3998 1220 4073; baseline -0.001 -18"><span class='ocrx_word' id='word_1_292' title='bbox 134 3998 225 4073; x_wconf 80' lang='lat' dir='ltr'><strong>vitam</strong></span> <span class='ocrx_word' id='word_1_293' title='bbox 244 3999 368 4071; x_wconf 78' lang='lat' dir='ltr'><strong>scripsi«</strong></span> <span class='ocrx_word' id='word_1_294' title='bbox 408 4002 499 4068; x_wconf 72' lang='lat' dir='ltr'><strong>Quare</strong></span> <span class='ocrx_word' id='word_1_295' title='bbox 528 4000 734 4073; x_wconf 84' lang='lat' dir='ltr'><strong>expectaveris:</strong></span> <span class='ocrx_word' id='word_1_296' title='bbox 763 4001 868 4055; x_wconf 87' lang='lat' dir='ltr'><strong>Tamen</strong></span> <span class='ocrx_word' id='word_1_297' title='bbox 893 4001 968 4055; x_wconf 91' lang='lat' dir='ltr'><strong>hunc</strong></span> <span class='ocrx_word' id='word_1_298' title='bbox 989 4000 1094 4055; x_wconf 89' lang='lat' dir='ltr'><strong>librum</strong></span> <span class='ocrx_word' id='word_1_299' title='bbox 1113 4000 1220 4071; x_wconf 83' lang='lat' dir='ltr'><strong>scripsi,</strong></span> 
     </span>
     <span class='ocr_line' id='line_1_37' title="bbox 135 4088 1219 4162; baseline -0.001 -18"><span class='ocrx_word' id='word_1_300' title='bbox 135 4089 185 4158; x_wconf 92' lang='lat' dir='ltr'><strong>qni</strong></span> <span class='ocrx_word' id='word_1_301' title='bbox 204 4131 451 4147; x_wconf 90' lang='grc'><strong>..........</strong></span> <span class='ocrx_word' id='word_1_302' title='bbox 489 4091 588 4160; x_wconf 87' lang='lat' dir='ltr'><strong>Neque</strong></span> <span class='ocrx_word' id='word_1_303' title='bbox 606 4090 719 4162; x_wconf 82' lang='lat' dir='ltr'><strong>pigebit</strong></span> <span class='ocrx_word' id='word_1_304' title='bbox 737 4129 841 4145; x_wconf 91' lang='grc'><strong>......</strong></span> <span class='ocrx_word' id='word_1_305' title='bbox 861 4106 1036 4161; x_wconf 87' lang='lat' dir='ltr'><strong>componere.</strong></span> <span class='ocrx_word' id='word_1_306' title='bbox 1089 4090 1143 4146; x_wconf 84' lang='lat' dir='ltr'><strong>Sed</strong></span> <span class='ocrx_word' id='word_1_307' title='bbox 1161 4088 1219 4144; x_wconf 86' lang='lat' dir='ltr'><strong>vid.</strong></span> 
     </span>
     <span class='ocr_line' id='line_1_38' title="bbox 136 4180 1220 4252; baseline 0.002 -18"><span class='ocrx_word' id='word_1_308' title='bbox 136 4197 208 4248; x_wconf 88' lang='lat' dir='ltr'><strong>qnae</strong></span> <span class='ocrx_word' id='word_1_309' title='bbox 231 4200 260 4252; x_wconf 88' lang='lat' dir='ltr'><strong>p.</strong></span> <span class='ocrx_word' id='word_1_310' title='bbox 279 4183 313 4238; x_wconf 84' lang='lat'><strong>33</strong></span> <span class='ocrx_word' id='word_1_311' title='bbox 339 4182 374 4238; x_wconf 87' lang='lat' dir='ltr'><strong>de</strong></span> <span class='ocrx_word' id='word_1_312' title='bbox 397 4183 451 4238; x_wconf 92' lang='lat' dir='ltr'><strong>hcc</strong></span> <span class='ocrx_word' id='word_1_313' title='bbox 475 4199 557 4237; x_wconf 89' lang='lat' dir='ltr'><strong>sensu</strong></span> <span class='ocrx_word' id='word_1_314' title='bbox 582 4181 758 4250; x_wconf 84' lang='lat' dir='ltr'><strong>exponentur</strong></span> <span class='ocrx_word' id='word_1_315' title='bbox 775 4183 805 4236; x_wconf 83' lang='lat' dir='ltr'><strong>et</strong></span> <span class='ocrx_word' id='word_1_316' title='bbox 823 4198 837 4236; x_wconf 90' lang='lat' dir='ltr'><strong>e</strong></span> <span class='ocrx_word' id='word_1_317' title='bbox 856 4198 884 4251; x_wconf 89' lang='lat' dir='ltr'><strong>p.</strong></span> <span class='ocrx_word' id='word_1_318' title='bbox 903 4182 928 4237; x_wconf 84' lang='lat'><strong>4.</strong></span> <span class='ocrx_word' id='word_1_319' title='bbox 947 4180 1059 4252; x_wconf 84' lang='lat' dir='ltr'><strong>H‘oeggi</strong></span> <span class='ocrx_word' id='word_1_320' title='bbox 1084 4180 1120 4236; x_wconf 87' lang='lat' dir='ltr'><strong>de</strong></span> <span class='ocrx_word' id='word_1_321' title='bbox 1151 4197 1220 4248; x_wconf 88' lang='lat' dir='ltr'><strong>qua·</strong></span> 
     </span>
     <span class='ocr_line' id='line_1_39' title="bbox 134 4268 812 4344; baseline 0.003 -20"><span class='ocrx_word' id='word_1_322' title='bbox 134 4268 200 4325; x_wconf 84' lang='lat' dir='ltr'><strong>dam</strong></span> <span class='ocrx_word' id='word_1_323' title='bbox 218 4272 413 4330; x_wconf 88' lang='lat' dir='ltr'><strong>cohortatione</strong></span> <span class='ocrx_word' id='word_1_324' title='bbox 432 4271 594 4344; x_wconf 88' lang='lat' dir='ltr'><strong>aequalium</strong></span> <span class='ocrx_word' id='word_1_325' title='bbox 613 4270 812 4329; x_wconf 87' lang='lat' dir='ltr'><strong>coniecturam.</strong></span> 
     </span>
    </p>
   </div>
   <div class='ocr_carea' id='block_1_8' title="bbox 0 0 1370 4650">
    <p class='ocr_par' dir='ltr' id='par_1_8' title="bbox 0 0 1370 4650">
     <span class='ocr_line' id='line_1_40' title="bbox 0 0 1370 4650; baseline 0 1"><span class='ocrx_word' id='word_1_326' title='bbox 0 0 1370 4650; x_wconf 95' lang='lat' dir='ltr'><strong> </strong></span> 
     </span>
    </p>
   </div>
  </div>
 </body>
</html>
