2730 4650
665 257 704 324 21

146 434 264 499 tione
286 432 480 519 interpretes
501 431 536 495 in
559 431 636 495 duas
658 429 835 495 sententias
857 429 1035 496 discedunt.
1090 429 1140 495 Ac
1162 430 1231 515 ple·

146 540 237 625 rique
259 537 472 622 (Buchnerus,
498 535 680 614 Walohius,
703 536 883 616 Dronkius,
907 535 1094 614 Gutmnnn,
1118 534 1230 615 Roth,

149 641 253 724 Wex,
275 642 441 728 Draeger.)
464 641 601 727 gratia
623 642 703 707 illud
716 642 898 726 significare
911 642 1022 707 dicunt
1035 641 1230 707 »Vorliebe«

146 747 599 834 (›Voreingenommenheit«,
634 746 952 833 »Parteilicbkeit«),
990 745 1158 832 Hoeggius
1197 747 1231 812 et

146 853 290 920 Kritzius
313 854 432 939 aliique
460 853 494 918 id
516 854 772 938 interpretantur
796 851 934 917 »favoris
956 855 1013 916 aut
1036 850 1230 916 benevolen-

145 960 211 1024 tiae
233 958 410 1043 captandae
433 958 594 1023 studium«
626 957 729 1044 (nullo
759 958 882 1042 gratiae
905 959 992 1042 apud
1013 957 1093 1022 alios
1115 958 1231 1023 ineun-

147 1065 205 1132 dae
228 1063 378 1150 studim).
423 1061 508 1128 Mihi
530 1064 606 1150 quia
628 1063 684 1127 illa
698 1064 795 1129 verba
809 1063 893 1127 nihil
904 1063 992 1127 aliud
1003 1063 1109 1127 valore
1132 1084 1230 1147 quam

147 1168 342 1234 celeberr.
367 1191 427 1256 qu.
450 1168 594 1253 ing.ad
617 1167 886 1254 produmem.
903 1189 984 1231 nun
1007 1166 1230 1251 gratiaant

145 1274 376 1353 ambitione,
400 1274 468 1339 sed
490 1272 617 1338 bonae
640 1275 800 1338 tantum
816 1271 1097 1356 consapretio
1116 1271 1230 1336 duce-

143 1378 267 1445 batur
297 1380 441 1463 duaeque
472 1379 621 1444 notiones
643 1379 768 1463 gratiae
792 1380 824 1443 et
848 1377 1035 1442 ambitionis
1061 1377 1101 1442 ad
1135 1396 1230 1441 voces

144 1483 288 1570 pretio
321 1485 552 1550 ducebatur
588 1483 773 1549 referendae
807 1481 1024 1562 videntur³⁵)‚
1058 1483 1229 1548 rectiorem

143 1589 285 1655 arbitror
308 1590 521 1676 posteriorem
542 1589 867 1676 interpretationem,
902 1610 984 1673 quae
1006 1589 1113 1674 priore
1136 1609 1229 1653 aecu-

143 1695 285 1762 curatius
307 1699 462 1780 sequatur
485 1695 719 1760 enuntiationis
740 1716 869 1759 sensum
891 1695 988 1759 etiam
1011 1693 1230 1759 aPeerlkam·

144 1801 198 1886 pio
221 1801 266 1866 sic
289 1821 492 1888 expressum:
518 1798 638 1866 »Nullo
662 1800 873 1865 incitamento
885 1820 967 1885 opus
989 1802 1068 1878 erat,
1090 1800 1128 1862 ut
1152 1819 1228 1884 pro-

144 1906 258 1971 derent
279 1908 371 1972 cet«.
415 1903 491 1973 Jam
524 1927 597 1970 oum
630 1907 737 1970 totum
770 1905 976 1969 enuntiatum
1004 1925 1072 1968 non
1095 1905 1161 1967 tam
1186 1887 1228 1969 ad

143 2011 270 2077 laudem
290 2011 408 2096 prioris
441 2011 512 2076 aevi
549 2032 646 2098 quam
678 2011 719 2075 ad
754 2011 1025 2095 vituperationem
1048 2009 1227 2094 praesentis

143 2117 259 2183 aetatis
279 2119 426 2203 spectare
448 2117 527 2182 scite
549 2115 685 2182 Wexius
706 2115 918 2194 annotaverit,
942 2113 1076 2179 sortasse
1098 2113 1228 2180 dubita·
1272 2100 1276 2107 ’

140 2220 206 2287 rim
227 2243 269 2286 an
292 2243 357 2287 non
381 2221 458 2286 satis
481 2221 581 2308 digna
603 2222 691 2286 dictu
713 2220 812 2286 fuerit
824 2219 1030 2306 reprehensio
1054 2221 1123 2285 eius
1144 2241 1226 2305 quae
1269 2280 1273 2286 .

144 2325 347 2414 »plusculum
376 2327 475 2394 etiam
506 2349 602 2413 quarn
633 2325 788 2391 concedat
809 2326 926 2390 veritas
947 2325 1125 2410 largiatur«
1148 2346 1227 2410 gra-

140 2430 207 2496 tiae
228 2431 272 2516 (v.
294 2429 388 2497 Wex.
410 2432 458 2500 ed.
482 2433 560 2499 min.
584 2456 614 2518 p.
639 2430 705 2519 20),
729 2431 850 2517 quippe
874 2453 936 2518 qua
963 2453 1004 2496 ne
1026 2432 1133 2516 ipsum
1156 2430 1227 2518 qui·

142 2535 214 2601 dem
226 2534 373 2602 Tacitum
394 2538 429 2602 in
440 2537 609 2623 Agricolae
631 2537 698 2609 vita
709 2537 870 2602 narranda
892 2537 1011 2621 ubique
1032 2536 1226 2602 abstinuisse

142 2639 409 2708 demonstraverit
437 2666 541 2730 nuper
563 2641 810 2730 Urlichsius⁸⁶)‚
843 2643 1009 2727 multoque
1040 2645 1073 2708 et
1101 2642 1227 2729 signifi-

140 2747 267 2812 cantius
288 2750 323 2811 et
344 2747 475 2834 gravius
505 2748 653 2813 existimo
676 2748 862 2814 assentandi
883 2749 1050 2814 libidinem
1070 2750 1227 2835 tempori·

139 2850 202 2917 bus
223 2851 289 2917 illis
304 2851 486 2938 obiurgare,
512 2854 545 2919 id
568 2853 841 2939 quodaptissime,
864 2855 928 2921 ie.
950 2855 1071 2920 maiore
1094 2855 1225 2942 quidem

140 2957 174 3023 vi
196 2957 251 3026 sed
272 2957 320 3022 ita
341 2960 380 3022 ut
401 2959 540 3024 virtutes
562 2960 681 3044 prioris
704 2960 820 3026 aetatis
841 2980 881 3024 ne
904 2959 1074 3025 videantur
1095 2960 1225 3047 quidem

139 3061 262 3143 minui,
294 3063 365 3128 fieri
389 3065 542 3130 concedes
559 3086 623 3151 *per
644 3065 724 3130 duos
746 3064 905 3131 ablativos
928 3065 1071 3150 gratia
1093 3067 1127 3131 et
1149 3087 1225 3130 am-

138 3165 319 3234 bitione.
366 3167 493 3234 Horum
514 3171 653 3236 alterum
675 3191 716 3236 ne
739 3192 799 3256 pro
814 3171 921 3236 studio
944 3171 1064 3256 gratiae
1087 3192 1158 3237 esse
1173 3170 1226 3267 di·

209 3361 256 3434 35)
276 3361 331 3418 Gir.
351 3362 422 3418 haee
440 3361 552 3434 Hoeggi
570 3361 608 3433 (p.
630 3363 690 3434 15):
730 3360 872 3419 »Gratia
890 3361 1001 3433 passive
1019 3362 1073 3418 hoo
1091 3363 1153 3419 loeo
1171 3381 1223 3436 po·

136 3450 222 3508 sitnm
241 3468 301 3508 esee
319 3469 354 3508 ex
373 3452 466 3509 verbis
491 3453 592 3508 nullo
610 3452 682 3508 alio
701 3453 820 3523 pretio
839 3453 1068 3508 ducebantur
1085 3453 1224 3528 intelligi-

135 3542 208 3597 tur.‹
246 3542 307 3598 Iam
326 3541 479 3598 uiolariue
497 3541 568 3612 quid
585 3540 838 3613 velim'appareat,
860 3543 1018 3598 ceterorum
1036 3541 1164 3614 opinioni
1181 3562 1224 3602 as·

135 3631 265 3718 negtirer,
283 3632 308 3688 ei
325 3634 376 3693 aut
394 3634 550 3706 legeremus
568 3651 646 3705 sgr.
665 3634 728 3689 aut
746 3633 831 3688 amb.
851 3633 1055 3704 prodebant
1072 3636 1123 3692 aut
1135 3637 1223 3696 verba

137 3721 192 3783 illu
209 3740 273 3780 oum
282 3724 516 3782 antecedentibus
529 3724 570 3781 ad
588 3724 686 3795 prod.
704 3741 731 3780 v.
749 3739 844 3780 mem.
854 3722 936 3796 iungi
945 3726 1068 3796 possent.
1104 3726 1222 3785 Wexius

135 3814 233 3870 autem
251 3831 315 3870 oum
333 3815 369 3871 ad
388 3815 607 3872 confirmandam
624 3813 890 3885 interpretationem
914 3831 993 3870 suam
1011 3815 1141 3874 notiones
1159 3836 1223 3890 gra·

135 3901 196 3959 tiae
213 3905 243 3964 et
260 3904 426 3962 ambitionis
443 3905 519 3962 inter
545 3922 574 3961 se
597 3902 754 3960 contrarias
778 3920 837 3960 esse
861 3904 1016 3975 exponeret
1040 3903 1088 3976 (of.
1107 3893 1222 3965 Walohi

137 3989 252 4064 ›Gegen
270 3991 346 4050 diese
366 3994 508 4052 schlechte
526 3995 668 4050 Ehrsuoht
686 3993 780 4050 bildet
798 3993 906 4066 gratia,
932 3994 1079 4062 Vorliebe,
1098 3998 1222 4056 Freund·

132 4081 229 4138 cubuit
245 4081 301 4138 den
317 4082 463 4155 logischen
482 4084 683 4157 Gegensatm),
712 4082 870 4154 particulae
897 4085 959 4140 ant
973 4086 1163 4160 ,negationem
1180 4106 1223 4146 se·

135 4171 236 4242 quenti
253 4172 371 4229 nimiam
390 4174 450 4231 vim
467 4173 650 4248 disiungendi
668 4172 781 4229 tribuit.

195 4262 253 4336 36)
271 4261 494 4339 commentata
505 4265 554 4326 13:
574 4265 690 4339 »Neque
708 4281 776 4325 vero
793 4262 1039 4324 insinuandum
1052 4267 1102 4322 est
1117 4282 1239 4332 sepse
