2730 4650
84 459 167 530 tavit
190 457 435 548 Peerlkampius
458 463 676 528 dubitationes
699 485 802 548 neque
814 459 920 529 Kritzi
942 470 1047 551 neque
1070 454 1172 531 Drue-

86 572 156 655 gari
178 570 443 653 interpretatione
466 569 622 633 refutatas
645 570 740 633 dices.
786 568 871 634 Nam
895 593 967 635 cum
990 572 1095 636 tribus
1117 570 1172 635 ille

83 675 286 758 'argumentis
306 674 500 737 sententiam
528 695 618 737 suam
651 675 841 738 confirmare
876 677 1065 754 studuisset,
1096 673 1173 738 Kri-

85 780 167 842 taius
190 779 339 862 neglecta
361 779 492 842 omuino
516 800 553 841 ea
576 779 856 863 argumentatione
887 780 972 843 nihil
995 781 1081 844 aliud
1105 780 1173 863 egit

87 906 183 970 quam
206 887 243 946 ut
265 882 360 946 Wexi
392 884 585 947 senteutiam
619 887 794 968 repeteret,
831 885 1030 969 Draegerum
1063 887 1172 948 aut-em

87 990 300 1072 explicantem
327 989 396 1052 »die
421 986 536 1052 Worte
560 1025 600 1036 -
625 989 831 1052 hindeutete«
866 994 1054 1073 »poetarum
1085 1011 1172 1054 neore

89 1094 185 1156 verba
207 1093 345 1156 fudisse«
371 1094 531 1156 neminem
555 1098 636 1177 puto
658 1104 851 1177 negaturum
875 1115 952 1158 esse.
998 1093 1172 1159 Nihilomi·
1219 1081 1222 1088 ⁴

87 1219 146 1260 nus
168 1199 367 1282 improbanti
390 1198 469 1260 mihi
486 1197 688 1281 Peerlkampi
711 1199 896 1282 opinionem
918 1200 951 1263 id
963 1201 1100 1263 niaxime
1123 1221 1174 1262 re·

86 1304 282 1386 spiciendum
310 1305 436 1366 videtur
469 1304 553 1386 quod
576 1303 706 1366 Tacitus
737 1306 841 1367 totam
867 1304 955 1368 illam
979 1305 1173 1368 sententiam

85 1408 192 1491 ipsum
215 1408 400 1491 Agricolam
422 1408 501 1471 facit
524 1416 718 1471 narrantem.
777 1408 891 1492 Itaque
914 1431 980 1473 non
1004 1409 1172 1473 dicendum

86 1516 135 1575 est
157 1515 346 1597 scriptorem
369 1515 401 1576 in
427 1515 607 1577 enarranda
631 1515 736 1596 prima
758 1515 858 1577 soceri
880 1515 1012 1579 iuventa
1035 1515 1173 1597 dignita·

84 1621 152 1680 tem
174 1618 231 1680 illo
254 1621 398 1702 tempore
432 1619 472 1680 ab
506 1639 544 1681 eo
575 1618 719 1680 nondum
742 1619 946 1701 impetratam
971 1621 1171 1704 praecepisse

86 1721 186 1806 (quod
209 1724 249 1786 iis
271 1745 353 1806 quae
376 1722 513 1806 legimus
536 1722 642 1786 verbis
665 1723 775 1806 inepte
798 1723 869 1786 fieri
891 1724 960 1787 iure
974 1725 1102 1808 quidem
1125 1725 1172 1788 di·

86 1829 204 1910 ceres),
229 1829 283 1890 sed
306 1827 489 1912 referuntur
514 1827 644 1910 obliqua
668 1827 813 1889 oratione
835 1828 933 1890 verba
954 1829 1055 1912 ipsius
1077 1827 1172 1910 Agri-

86 1931 189 2007 colae3
214 1934 269 2015 qni
291 1954 364 1995 cum
385 1933 419 1994 in
442 1953 588 1994 sermone
611 1931 649 1994 de
665 1932 786 1994 acriore
803 1953 900 2014 quam
913 1933 1171 1997 adulescentulus

85 2037 119 2099 iu
143 2037 378 2120 philosophiam
400 2037 595 2120 impenderit
618 2058 694 2099 cura
717 2058 787 2098 cunr
801 2057 920 2120 genero
944 2037 1057 2102 habito
1080 2060 1173 2122 prae-

85 2146 191 2205 sentes
213 2143 350 2205 honores
373 2143 512 2205 breviter
535 2143 580 2204 ita
604 2143 638 2204 in
662 2144 934 2225 comparationem
947 2147 1047 2220 vocet,
1072 2146 1172 2228 aptis·

86 2248 164 2306 sime
188 2268 260 2306 eum
283 2268 341 2308 nec
365 2247 433 2308 sine
456 2246 571 2310 festiva
594 2249 731 2330 quadam
759 2248 865 2311 ironia
895 2249 984 2330 loqui
1007 2270 1171 2332 agnosces,

88 2386 126 2398 -
150 2350 235 2413 Illud
259 2371 497 2413 conoessum
521 2355 691 2415 est—sio
714 2354 911 2429 enimnecta,
936 2375 1171 2418 concessum

86 2454 137 2518 sit
168 2455 299 2537 obliqua
328 2456 472 2518 oratione
503 2457 600 2518 verba
624 2456 795 2541 Agricolae
824 2459 1010 2541 accipienda
1033 2461 1172 2523 arbitror

86 2560 161 2641 (rid.
187 2558 342 2643 Nipperd.
365 2561 405 2624 ad
436 2561 543 2624 annal.
566 2567 581 2625 1
605 2563 641 2639 7,
679 2563 833 2647 Draegcr.
859 2567 888 2644 ξ.
912 2564 953 2626 36
977 2564 1024 2647 b))
1047 2601 1089 2614 -
1112 2587 1171 2647 pro

86 2667 248 2748 praesenti
271 2665 506 2729 conceditur
538 2668 678 2750 positum
702 2672 792 2730 extat
815 2669 912 2731 etiam
937 2667 1044 2731 Germ.
1069 2691 1095 2732 c.
1120 2671 1171 2752 30,

86 2769 127 2831 40
151 2768 222 2852 (cfr.
246 2791 272 2835 c.
298 2774 315 2831 7
340 2771 558 2854 permissum),
582 2776 619 2833 ut
640 2773 725 2854 apud
749 2771 876 2835 Lucret.
899 2775 1019 2838 51148
1043 2775 1172 2838 acrius

85 2923 155 2942 ...
180 2922 186 2936 .
212 2921 219 2937 .
244 2922 251 2936 .
277 2896 394 2957 quam
418 2897 522 2937 nunc
546 2881 830 2940 concessumst
852 2878 1200 2962 legibusaequis-

84 2982 117 3044 et
138 2976 274 3053 Quintil.
298 2982 317 3043 6
340 2980 369 3060 3,
394 2979 436 3041 28
460 2978 538 3065 (vid.
560 2979 698 3044 Freund.
723 2982 784 3044 lex.
808 2983 844 3045 in
866 2986 920 3066 u).

171 3082 275 3147 Venio
309 3083 348 3146 ad
382 3083 579 3147 infinitivum
621 3086 860 3166 hausisselss)
899 3088 1107 3171 additumque
1140 3089 1171 3151 ei

155 3285 201 3354 66)
220 3282 307 3349 Quem
325 3282 457 3338 reicienti
470 3282 667 3354 Peerlkampio
687 3303 722 3340 ne
742 3279 943 3354 obsequamur,
960 3306 1025 3344 cum
1044 3288 1080 3343 iis
1098 3307 1171 3359 quae

82 3373 119 3428 ad
138 3374 224 3428 verba
243 3389 326 3426 voce
346 3372 590 3442 composuisse
609 3373 688 3428 dicta
711 3377 777 3429 sunt
795 3377 954 3444 quibusque
974 3377 1001 3432 h.
1013 3379 1031 3432 l.
1051 3396 1085 3434 ex
1105 3380 1170 3434 hist.

81 3463 153 3518 381
182 3463 269 3517 addas
288 3462 465 3516 Musonius
485 3461 595 3516 Rufus
622 3465 805 3531 equestris
831 3466 982 3532 ordinis,
1010 3469 1171 3525 studium

82 3552 330 3623 philosophiae
350 3554 385 3606 et
404 3551 548 3622 placita
565 3552 765 3607 Stoicorum
785 3556 988 3610 aemulatus
1006 3552 1117 3626 (ubine
1136 3559 1171 3616 dc

81 3651 227 3708 zeugmate
247 3642 354 3712 cogites
374 3641 422 3695 cir.
442 3640 502 3695 niv.
524 3645 536 3694 1
560 3642 594 3694 18
618 3641 786 3697 iuvenum
810 3638 1074 3701 'aemulantium
1104 3651 1170 3703 stu·

82 3727 151 3797 dia)
170 3730 229 3781 tum
248 3732 327 3801 varia
347 3732 375 3785 vi
388 3731 467 3785 illius
485 3730 630 3786 haurire
650 3750 804 3799 monemur,
823 3735 974 3802 quodnea
992 3737 1090 3790 studi
1109 3739 1171 3806 qui·

81 3817 145 3871 dem
168 3817 281 3872 nomine
309 3819 461 3876 abhorrere
490 3822 547 3875 iam
575 3839 590 3876 e
612 3821 737 3877 Ciceron.
758 3823 792 3878 dc
818 3827 889 3878 orat.
909 3825 922 3878 l
942 3828 966 3890 3,
988 3827 1020 3879 12
1040 3823 1171 3882 artinm'

81 3906 200 3960 studia
219 3907 439 3962 hauriuntur
463 3910 595 3980 intellegi
620 3915 723 3981 potest.
768 3913 917 3968 Sedenim
937 3916 1027 3968 Kritzi
1047 3917 1171 3986 explica·

79 3997 156 4051 tione
178 3997 319 4051 »studium
347 3998 447 4067 philos.
467 4015 525 4053 esse
544 4000 768 4070 philosophiam,
799 4004 845 4058 cui
874 4005 1022 4060 studebat«
1055 4006 1170 4061 minime

79 4079 166 4142 miror
193 4088 317 4142 levatam
345 4104 400 4140 non
425 4104 484 4141 esse
505 4089 693 4156 suspicionem
711 4091 900 4163 Peerlkampi.
937 4093 992 4159 Qui
1010 4095 1086 4162 quod
1105 4113 1170 4150 con·

79 4175 218 4232 iacturam
236 4178 368 4232 habuisse
396 4177 569 4231 »confirmari
589 4179 812 4245 quodammodo«
834 4185 930 4239 censet
951 4202 1000 4239 »ex
1020 4202 1067 4249 eo,
1095 4186 1169 4253 quod

79 4267 223 4334 sequitur:
254 4286 328 4323 mox
346 4266 534 4338 mitigavit
550 4267 646 4323 ratio
665 4272 701 4324 et
724 4274 856 4339 aetas«,
884 4273 1079 4343 mitigavit
1097 4274 1180 4325 titus.

900 4374 928 4437 h
