2730 4650
228 524 289 598 bus
312 534 415 599 utitur
437 536 636 620 argumentis
655 538 850 602 sententiam
873 558 964 603 suam
988 539 1168 604 confirmat.
1217 539 1314 607 ›Vir-

226 640 280 703 tus
293 640 362 703 tam
372 661 445 704 rara
457 640 651 725 postulabat,
675 642 710 706 ni
733 642 840 722 fallor,
864 642 1091 729 siquando.
1137 645 1313 732 Restringe

227 743 498 828 significationem
520 745 665 811 adverbii
688 749 861 830 quoties,
885 770 1016 835 semper
1032 750 1185 816 maiorem
1201 772 1313 816 nume·

227 870 300 914 rum
322 848 446 914 indicat
457 849 492 931 31)
530 873 627 935 quam
660 852 696 916 in
729 853 877 938 tempora
908 855 1094 939 praesertim
1117 853 1257 920 Neronis
1281 858 1313 921 et

226 952 410 1020 Domitiani
432 956 538 1021 cadit«
563 958 662 1020 -at
687 959 895 1040 »quotiens«,
918 959 1003 1042 quod
1026 960 1104 1025 item
1128 962 1218 1025 extat
1241 981 1310 1045 cap.

229 1062 288 1137 303
325 1059 363 1125 G.
390 1061 447 1138 153
483 1061 564 1126 Dial.
591 1063 633 1125 23
666 1061 716 1127 bis
745 1062 800 1146 (of.
823 1062 979 1148 Draeger.
1004 1068 1034 1146 ξ.
1062 1066 1152 1146 165),
1188 1088 1246 1151 per
1279 1087 1312 1130 se

225 1167 362 1245 nullum,
385 1186 445 1230 nec
466 1188 602 1251 parvum
626 1189 685 1232 nco
708 1189 862 1253 magnum
885 1191 1057 1233 numerum
1080 1170 1220 1250 indicat,
1257 1170 1312 1254 qui

225 1271 346 1356 ubique
369 1293 387 1336 e
408 1273 480 1337 toto
504 1293 598 1336 sensu
621 1271 822 1356 colligendus
853 1276 918 1350 est,
954 1294 1075 1356 neque,
1106 1276 1143 1337 ut
1167 1274 1312 1338 Kritzius

225 1377 307 1456 vult,
329 1376 435 1462 ipsum
446 1376 544 1440 habet
556 1376 794 1462 »restringendi
805 1398 841 1441 ac
856 1377 1062 1442 deminuendi
1077 1380 1311 1463 potestatemc;

225 1481 290 1548 hoc
311 1485 419 1546 autem
449 1481 520 1544 loco
548 1478 656 1544 nescio
686 1502 727 1544 an
751 1482 902 1546 acerbum
923 1482 1003 1546 illud
1026 1484 1203 1548 sententiae
1226 1484 1312 1568 quod

226 1583 396 1672 particulis
421 1585 467 1650 »si
490 1585 884 1670 quandochial.10‚29;
908 1585 945 1651 G.
963 1590 1017 1667 16)
1040 1589 1080 1652 ad
1103 1589 1236 1653 verbum
1259 1610 1313 1652 ex·

227 1713 372 1777 pressum
407 1694 490 1757 esset
522 1692 644 1756 maiore
678 1693 710 1755 vi
747 1690 957 1776 intellegatur
991 1714 1089 1776 quam
1121 1693 1310 1758 declaretur.

227 1795 311 1875 Quid
334 1797 483 1883 quodne
506 1796 708 1862 restrinxisse
744 1797 873 1881 quidem
896 1798 1028 1862 omnino
1051 1797 1311 1882 Peerlkampium

226 1902 497 1987 significationem
528 1900 659 1965 adverbi
697 1901 862 1984 »quoties«
901 1903 1038 1986 apparet
1060 1925 1077 1966 e
1101 1902 1312 1986 sequentibus

225 2007 293 2073 eius
315 2006 422 2072 verbis
446 2026 570 2089 »neque
591 2005 745 2070 maiorem
771 2040 805 2081 r-
832 2008 1064 2091 properabat«,
1089 2008 1205 2091 quibus
1229 2008 1310 2070 miro

225 2112 320 2178 modo
344 2133 423 2196 quas
445 2110 576 2175 Tacitus
598 2110 747 2174 distinxit
769 2113 889 2176 aetates
911 2096 1106 2178 commiscet.
1150 2111 1225 2176 Jarn
1250 2111 1307 2204 »ad

224 2221 395 2302 utramque
418 2218 570 2293 aetatem,
604 2215 766 2282 libertatis
789 2218 821 2281 et
843 2217 1061 2301 principatus,
1084 2215 1182 2278 verba
1205 2212 1308 2301 [quo-

224 2325 337 2390 tiens
361 2361 398 2371 -
423 2320 651 2406 invidiam]‚
674 2323 712 2385 ut
733 2322 897 2405 leguntur,
921 2320 1034 2385 referri
1056 2321 1309 2404 nonpossunt«;

223 2430 279 2497 sed
301 2450 342 2494 ne
365 2428 485 2493 debent
507 2427 645 2510 quidem,
669 2427 745 2509 quia
766 2429 837 2490 tota
860 2427 964 2511 prima
979 2426 1123 2511 prooemi
1148 2424 1311 2489 sententia

222 2535 286 2602 hoc
308 2535 437 2598 tantum
459 2533 664 2597 enuntiatur:
709 2530 876 2595 Clarorum
899 2533 1043 2596 virorum
1064 2530 1149 2596 vitas
1171 2529 1310 2593 scribere

224 2637 374 2705 omnibus
396 2638 598 2722 temporibus
620 2636 775 2700 usitatum
798 2635 877 2712 fuit,
905 2636 960 2699 sed
983 2635 1103 2700 nostris
1126 2634 1229 2699 rarius
1251 2653 1310 2698 nec

223 2745 287 2812 nisi
319 2743 355 2808 in
378 2741 563 2808 hominibus
585 2761 704 2826 magna
725 2761 761 2804 ac
784 2739 888 2803 nobili
910 2739 1030 2803 virtute
1053 2739 1242 2822 conspicuis.
1269 2773 1307 2786 -

223 2854 325 2920 Porro
347 2847 593 2932 Peerlkampius
615 2844 751 2910 offendit
779 2844 813 2909 in
837 2844 943 2908 verbis
966 2843 1119 2909 vitium
1143 2880 1187 2890 -—
1212 2864 1313 2908 com·

223 2980 350 3026 mune.
395 2955 504 3041 Atque
532 2951 618 3037 quod
642 2950 813 3016 annotavit
842 2970 923 3034 »ego
951 2949 1092 3034 primum
1114 2971 1181 3012 non
1204 2948 1310 3028 video,

224 3065 301 3150 quid
324 3064 429 3128 totum
464 3058 544 3124 illud
576 3043 620 3122 de
636 3057 742 3122 vitio
768 3056 808 3120 ad
830 3055 1026 3120 sententiam
1047 3054 1110 3117 loci
1133 3051 1250 3116 iaciat«
1275 3054 1311 3116 et

224 3170 307 3235 »ista
328 3166 410 3232 nihil
434 3163 637 3250 significant,
670 3162 733 3226 nisi
755 3162 792 3224 ut
813 3160 983 3237 doceatur,
1007 3157 1093 3242 quod
1117 3178 1228 3222 omnes
1250 3177 1311 3221 no·

221 3277 313 3354 rant,
345 3293 405 3339 neo
427 3271 467 3335 ad
490 3270 595 3333 locum
618 3267 834 3352 pertinebat«
858 3265 982 3349 optimo
1004 3264 1073 3327 iure
1101 3284 1175 3327 eum
1196 3260 1311 3326 iecisse

224 3384 315 3469 puto,
339 3400 411 3444 com
433 3375 555 3441 mentio
578 3373 748 3438 civitatum
770 3371 966 3436 diversarum
989 3369 1022 3432 in
1046 3370 1189 3431 aetatum
1211 3368 1311 3431 istam

221 3488 318 3552 unius
341 3486 374 3550 et
396 3482 536 3549 eiusdem
561 3478 702 3544 civitatis
732 3476 1008 3560 comparationem
1037 3473 1169 3537 minime
1194 3493 1313 3536 conve·

223 3593 294 3658 nire
327 3587 407 3654 mihi
441 3587 597 3652 videatur.
655 3581 760 3658 Quare
793 3581 950 3646 iudicanti
977 3580 1026 3644 illi
1050 3579 1128 3642 haec
1151 3578 1250 3642 verba
1272 3581 1313 3642 ut

224 3696 349 3763 tumida
382 3696 415 3758 et
452 3691 568 3778 puerili
597 3689 763 3754 doctrinae
798 3685 1010 3750 ostentationi
1040 3683 1158 3749 similia
1179 3684 1316 3749 librario

219 3830 505 3846 ,,,-.....-----

222 3904 347 3977 quidem,
367 3900 416 3959 sed
434 3918 492 3956 non
511 3897 625 3954 refellit.
644 3926 676 3936 —
687 3894 797 3964 Neque
816 3893 930 3949 Rittero
949 3891 1017 3948 edit.
1031 3909 1056 3946 a.
1072 3892 1142 3946 1852
1162 3890 1197 3946 de
1215 3890 1318 3946 discri-

221 3996 299 4052 mine
318 3992 392 4063 quod
412 3991 488 4046 inter
505 4005 587 4044 voces
606 3984 842 4057 ignorantiae
869 3984 898 4038 et
925 3979 1172 4053 ignorationis
1191 3979 1317 4036 interoc-

222 4087 272 4142 dat
289 4081 449 4155 disputanti
469 4080 530 4148 (cfr.
550 4077 672 4141 Schultz,
691 4076 752 4130 Lat.
774 4074 839 4144 Syn.
862 4073 920 4139 131,
939 4092 966 4126 n.
988 4072 1050 4142 198)
1070 4069 1201 4125 assentiri
1219 4070 1315 4125 conti-

219 4191 277 4234 nuo
294 4173 430 4231 inducere
448 4169 574 4225 animum
593 4165 683 4237 potui,
704 4181 768 4220 cum
787 4181 821 4219 ea
834 4158 1209 4232 quaeWoelfflinusPhilol.
1220 4159 1318 4228 XXV,

221 4265 273 4323 108
293 4265 327 4323 de
346 4261 440 4321 verbis
458 4256 622 4331 eligendi
641 4258 671 4310 et
689 4252 884 4325 deligendi
902 4251 1019 4322 exponit
1038 4248 1208 4305 recordarer.

292 4355 337 4428 31)
356 4351 495 4410 Similiter
515 4351 547 4405 17
567 4346 611 4404 ed.
629 4363 671 4417 p.:
710 4344 830 4400 »Facere
848 4361 904 4399 non
923 4358 1068 4413 possumus
1086 4338 1156 4408 quin
1176 4339 1246 4395 oet«
