2730 4650
663 295 704 373 36

139 471 259 544 iullteu
282 471 510 566 Wiinsohenl]
542 499 724 565 gewonnen
746 477 835 560 hat«,
859 500 940 563 quae
964 474 1145 544 enuntiatio
1168 471 1234 542 nisi

139 582 245 648 deleto
270 583 461 669 pronomine
485 583 654 649 derselben
668 604 781 649 sanum
803 586 990 668 rectumque
1013 604 1142 648 sensum
1164 605 1233 649 non

139 687 272 755 exhibet
280 685 332 776 ⁶⁰).
376 687 451 754 Jam
473 711 514 754 ne
537 689 578 755 ad
600 688 681 754 illud
709 691 746 752 ἓν
768 685 824 751 διὰ
849 685 942 752 δυοῖν
963 688 1093 773 quidem
1116 685 1232 753 confu-

139 794 293 880 giendum
315 794 410 859 nobis
434 796 523 880 putu,
547 794 580 860 id
604 794 689 880 quod
713 816 785 860 oum
798 791 916 859 Wexio
940 792 1017 859 fecit
1039 792 1230 878 Draegerua

141 900 217 984 quia
241 899 419 986 simplicior
443 900 611 986 magisque
634 901 804 986 perspicua
835 922 872 965 ea
904 902 952 964 est
975 899 1156 984 explicandi
1177 920 1232 964 ra·

140 1003 189 1087 tio
212 1026 309 1089 quam
332 1004 503 1091 Hoeggius
526 1008 559 1071 et
574 1004 779 1071 Gutmannus
802 1005 905 1070 secuti
927 1008 1002 1069 sunt
1012 1003 1063 1092 51).
1108 1003 1167 1069 uui
1189 1024 1234 1071 ne

141 1110 214 1195 quis
238 1114 383 1196 opponat
407 1112 558 1176 roborata
580 1112 644 1176 iam
667 1112 838 1177 securitate
870 1110 1000 1196 publica
1022 1132 1126 1195 neque
1149 1108 1233 1174 fidu-

141 1215 209 1282 ciae
231 1238 336 1302 neque
359 1217 554 1282 dubitationi
576 1217 682 1282 locum
704 1216 861 1303 relinqui,
883 1215 1064 1282 adscribere
1086 1215 1168 1281 mihi
1190 1216 1233 1295 li-

142 1325 212 1388 oeat
235 1323 369 1387 mutatis
391 1321 553 1411 mutandis
575 1321 682 1386 Kritzi
716 1323 973 1388 adnotationem:
1007 1324 1134 1388 Fiducia
1165 1323 1232 1388 voti

142 1435 196 1507 est,
230 1429 287 1494 ubi
320 1451 388 1509 non
421 1429 589 1495 dubitatur
621 1430 700 1516 quin
731 1434 843 1496 votum
866 1433 972 1497 ratum
998 1430 1144 1496 futurum
1166 1430 1231 1522 sit3

141 1536 232 1599 robur
255 1535 427 1619 assumpsit
446 1535 615 1618 securitas,
645 1535 702 1600 ubi
725 1557 836 1601 revera
859 1538 999 1602 tenetur.
1046 1531 1232 1621 Utrumque

141 1638 177 1702 in
199 1637 325 1704 Nervae
347 1641 380 1704 et
402 1638 534 1704 Traiani
556 1641 718 1706 saeculum
740 1641 883 1707 cadebat.
937 1640 989 1706 Sic
1010 1642 1113 1726 igitur
1132 1639 1235 1711 verba

142 1741 200 1807 illa
222 1742 461 1808 transtulerim:
488 1744 573 1809 »und
595 1745 646 1809 die
664 1743 1145 1812 dffeutlicheSioherheitnicht
1168 1765 1233 1812 nur

143 1868 240 1913 unser
261 1846 381 1912 Hoffen
403 1848 469 1914 und
492 1847 681 1915 Wiinsohen
704 1850 960 1936 eingenommen,
985 1852 1125 1918 sondern
1147 1850 1232 1917 auch

145 1952 390 2038 (assumpserit)
413 1952 735 2020 Zuversiohtliohkeit
755 1953 807 2019 fiir
830 1955 890 2020 deu
905 1952 1054 2021 Wunsoh
1076 1956 1142 2022 und
1164 1953 1233 2020 Fe-

145 2057 277 2142 stigkeit
306 2078 486 2144 gewonnen
518 2058 607 2123 hat«.
664 2059 891 2145 Peerlkampio
926 2065 1036 2126 autem
1069 2061 1102 2126 id
1124 2060 1228 2136 solum

145 2164 277 2230 concedi
299 2165 407 2249 potest
430 2165 636 2229 enuntiatum
666 2164 727 2229 hoo
758 2167 943 2230 contortum
964 2188 1000 2230 ac
1023 2167 1138 2231 durum
1158 2187 1228 2231 esse

145 2268 201 2335 sed
223 2290 289 2333 non
310 2269 375 2334 tale
397 2271 435 2333 ut
447 2268 559 2334 Tacito
583 2269 728 2335 videatur
751 2271 931 2356 indignum.
977 2267 1239 2356 Quicumquae.

146 2374 209 2441 sita
230 2374 387 2454 dictione,
420 2396 501 2459 quae
523 2375 595 2441 voci
618 2376 785 2442 nonsatis
808 2377 1004 2442 exercitatae
1025 2374 1120 2442 facile
1144 2377 1235 2442 duri·

145 2479 210 2543 tiae
232 2477 270 2544 fit
291 2500 396 2558 causa,
419 2501 572 2565 persaepe
596 2501 671 2545 usus
694 2482 758 2559 est,
781 2483 850 2544 tum
873 2480 949 2546 huic
973 2479 1113 2566 maxime,
1133 2473 1234 2566 quam

145 2583 240 2648 initio
263 2584 378 2670 eapitis
399 2586 489 2650 tertii
505 2585 648 2651 illustrat
669 2586 848 2651 sententiae
872 2587 1075 2652 exornandae
1097 2608 1233 2672 operam

145 2688 244 2755 dedit.
288 2687 402 2774 Neque
424 2691 617 2756 contendere
640 2687 900 2777 Peerlkampium
923 2692 1068 2778 oportuit
1088 2689 1237 2761 Nervam.

147 2796 181 2860 et
192 2792 368 2860 Traianum
391 2817 450 2881 pro
473 2795 607 2863 consilio
620 2794 726 2861 Taciti
748 2798 826 2862 satis
849 2797 996 2863 laudatos
1019 2796 1127 2878 fuisse,
1151 2818 1242 2883 qu0-.

146 2899 235 2984 uiam
268 2899 308 2965 iis
340 2921 422 2985 quae
460 2901 498 2966 de
531 2905 599 2966 rest
585 2901 662 2966 tiutt
663 2923 682 2965 a
709 2902 880 2968 securitate
914 2901 1045 2988 publica
1068 2900 1192 2972 addunt
1194 2923 1236 2969 ur

150 3004 283 3098 propria
315 3007 470 3090 quaedam
502 3028 541 3071 ao
571 3007 745 3093 singularis
777 3007 847 3071 laus
875 3005 1006 3072 Traiani
1037 2991 1242 3076 continetur.

148 3108 268 3175 ufar
235 3111 333 3176 etiam
354 3132 436 3196 quae
458 3111 527 3197 ipse
549 3112 675 3178 Peerlk.
698 3135 730 3197 p.
755 3113 796 3177 14
819 3112 858 3177 de
881 3113 984 3178 edicto
1007 3111 1084 3178 Divi
1105 3110 1240 3178 Nervae

146 3214 184 3279 iu
206 3214 291 3280 Plin
315 3237 363 3302 ep
387 3215 428 3297 X,
451 3218 493 3282 66
523 3217 620 3303 (apud
642 3215 727 3283 Keil
754 3215 788 3282 O.
810 3214 898 3281 Plini
929 3221 961 3282 et
946 3216 1116 3282 tTraiaui
1137 3215 1235 3302 epist.

146 3316 268 3400 LVIII,
291 3343 323 3406 p.
335 3321 412 3404 218)
435 3321 563 3406 prolato
587 3322 881 3407 exponitquod
857 3344 922 3387 sive
938 3343 1069 3387 »revera
1091 3322 1139 3387 est
1125 3317 1239 3387 tNer·

147 3447 226 3517 uae«
250 3424 317 3491 sive
341 3448 399 3491 »ex
421 3426 553 3511 ingenio
576 3428 644 3492 eius
667 3427 779 3492 fictum
798 3448 835 3492 ac
857 3425 1105 3512 compositum«,
1129 3427 1237 3492 inesse

148 3530 255 3596 verbis
286 3530 352 3595 illis
382 3531 520 3617 probum
553 3554 682 3597 sensum
716 3531 794 3597 satis
828 3554 988 3618 superque
1022 3533 1168 3617 apparet.
1190 3566 1239 3583 -

220 3751 265 3822 50)
286 3749 381 3806 Etiam
399 3749 476 3824 apud
485 3748 659 3807 Urlichsium
677 3751 731 3820 p?
750 3747 857 3819 legitur
875 3745 948 3803 illud
967 3747 1044 3805 voti
1063 3750 1169 3804 robur
1185 3748 1239 3806 sed

148 3856 205 3897 uon
223 3841 405 3912 explicatum.

220 3930 266 4002 51)
284 3931 331 3986 Ita
348 3932 492 3988 vertentes
513 3947 559 3985 »ao
579 3928 642 3983 dass
661 3926 707 3982 die
718 3925 880 3983 offentliohe
892 3927 1050 3984 Sioherheit
1061 3927 1142 3984 nicht
1160 3929 1240 3986 bloss

148 4005 292 4092 Hoffnung
309 4021 368 4075 und
386 4021 529 4087 Wunaoh,
550 4017 670 4075 sondern
688 4017 762 4072 auch
780 4017 940 4073 Vertrauen
959 4035 992 4072 au
1012 4018 1061 4073 des
1079 4018 1241 4075 Wunsohes

148 4108 299 4182 Erltillung
317 4110 376 4165 und
395 4111 497 4166 St‘arlre
516 4126 672 4182 gewonnen
689 4108 757 4162 hat«
787 4109 817 4163 et
837 4108 913 4162 »und
931 4106 978 4164 die
997 4107 1042 4163 off.
1063 4108 1137 4165 Sioh.
1155 4107 1242 4166 nicht

147 4200 182 4255 H.
201 4219 256 4255 nur·
273 4200 332 4255 und
350 4201 396 4256 W.
416 4201 582 4274 gettieben‚
612 4197 733 4255 aondern
760 4196 791 4251 in
811 4197 992 4270 Gewthrung
1011 4199 1058 4255 des
1078 4198 1241 4256 Wunsohes

123 4287 197 4360 *und
210 4289 243 4342 in
267 4289 466 4352 Thatbostand
486 4294 708 4368 ubergegangen
725 4287 788 4342 ist«
