2730 4650
654 281 698 350 40

132 449 641 538 rollbraohtenLebensleufesiu
664 452 973 538 schweigender
994 446 1218 533 unthotig-

134 553 225 619 koit
246 556 310 637 (111
331 557 366 622 in
388 558 700 646 unshotigersulle)
722 559 915 645 gekommen
938 556 1019 621 sind.
1032 591 1072 604 -
1096 551 1218 618 Ritteri

134 656 195 742 (ed.
219 679 247 724 o.
273 660 373 741 1864,
402 661 486 729 Mus.
508 662 611 729 Rhen.
634 669 684 742 20,
707 663 785 749 518)
807 664 992 729 oonieotura
1014 655 1219 744 supersti-

133 764 196 830 tes
229 786 496 851 supersumus
531 790 768 854 supervacanea
801 771 867 846 est,
900 767 977 852 quis
1009 763 1220 849 superstitem

134 871 315 948 esseietiam
331 872 477 939 obsolute
491 872 613 939 dietum
636 876 819 961 usurpetur,
843 872 929 960 quod
951 891 1017 935 non
1040 869 1079 934 fit
1099 868 1135 933 in
1158 887 1220 931 no·

53 1042 56 1047 ,
134 977 202 1040 stro
224 975 323 1042 verbo
345 976 532 1043 dberleben.
972 972 975 976 “

222 1100 295 1146 non
330 1088 457 1149 tamen
488 1085 644 1167 pigebit
678 1120 719 1132 -
754 1084 1026 1165 oomposuisse.
1082 1075 1221 1143 Wexius

133 1186 383 1272 explicationem
404 1198 510 1270 suem,
544 1212 642 1275 quam
672 1210 691 1255 o
724 1190 886 1275 plerisque
907 1185 1144 1273 interpretibus
1165 1205 1221 1249 re·

44 1330 48 1335 -
134 1291 252 1358 ieotsm
273 1314 358 1360 unus
378 1296 502 1382 aooepit
520 1293 784 1379 outmannusffl),
806 1293 925 1380 duplici
936 1289 1222 1381 argumentatione

135 1398 272 1483 probare
294 1400 411 1465 studet.
467 1400 565 1466 Cuius
598 1401 700 1466 altero
733 1421 807 1486 pers
834 1397 1081 1485 diligentissimo
1102 1394 1159 1459 ills
1181 1414 1220 1458 ao

136 1500 321 1569 deotissime
343 1505 383 1570 ed
395 1526 547 1591 magnam
569 1505 608 1570 de
624 1505 736 1570 eoristi
758 1505 792 1569 in
805 1505 917 1588 lingue
937 1503 1041 1567 letina
1060 1521 1120 1565 usu
1143 1520 1223 1565 oon·

136 1607 325 1673 troversiem
349 1611 501 1695 pertinet,
525 1631 692 1695 quamego
705 1609 876 1675 diiudicare
898 1629 964 1672 uon
987 1606 1098 1671 audeo.
1143 1602 1222 1671 Sole

136 1818 266 1901 oeptere
287 1818 455 1905 ipsamque
476 1820 593 1884 seriem
610 1818 843 1884 sententiarum
854 1815 1115 1895 consideraveris,
1139 1812 1221 1880 illud

137 1940 216 1986 uon
238 1923 377 1990 tamen
398 1924 566 2011 pigebit
586 1925 699 2009 utique
720 1921 1004 2009 interpretaberisz
1039 1941 1123 1985 »non
1147 1937 1223 2012 grs-

137 2026 254 2110 rabor,
277 2049 344 2095 non
365 2029 546 2116 defugiam,
569 2029 760 2116 aggrediar,
783 2027 970 2093 sustinebo«
997 2046 1128 2112 prorsus
1149 2022 1224 2108 qui·

138 2131 212 2198 dem
233 2134 471 2201 assentiendum
494 2138 593 2222 puto,
621 2135 648 2200 si
671 2135 740 2200 eius
761 2136 890 2199 tentum
912 2131 1143 2202 sententiarum
1166 2147 1221 2192 or·

138 2236 224 2303 dinis
244 2239 301 2322 qui
322 2240 419 2306 tertio
440 2240 545 2326 eapite
568 2240 755 2306 continetur
777 2237 860 2304 ratio
889 2235 1063 2314 habeatun
1095 2231 1149 2299 sed
1168 2233 1222 2297 to·

137 2341 203 2406 tius
225 2345 370 2428 prooemi
400 2348 592 2432 argumento
615 2346 762 2410 soourete
784 2362 944 2430 perpenso
965 2340 1075 2406 neseio
1098 2361 1140 2403 en
1163 2337 1224 2416 du,-

138 2445 239 2512 bitari
272 2470 339 2514 non
371 2452 473 2535 possit
504 2450 583 2536 quin
617 2449 822 2515 enuntiatum
848 2447 929 2513 illud
951 2443 1224 2531 interpretatione

139 2550 351 2640 11011111ηαῦ1)
381 2555 467 2622 haud
494 2556 592 2642 paulo
620 2554 746 2620 facilius
772 2574 869 2638 quem
891 2552 1071 2618 Gutmenni
1092 2549 1224 2614 senten·

140 2657 258 2722 tiorum
291 2654 433 2727 summ'a'e
463 2660 633 2727 inseretur.
691 2657 834 2725 Offeneio
869 2657 956 2725 enim
989 2676 1088 2741 quom
1120 2653 1225 2719 inesse

141 2762 257 2828 verbis·
267 2763 333 2861 illis
354 2765 515 2850 particula
535 2768 644 2831 tamen
673 2785 746 2830 oum
768 2761 1033 2829 anteoedentibus
1055 2761 1127 2825 arte
1146 2779 1226 2824 oon·

139 2866 259 2933 innotis
288 2890 385 2955 supra
413 2871 696 2937 animadvertimus
719 2870 817 2955 (1.1.
839 2867 955 2953 39Je0
978 2866 1082 2951 magis
1104 2863 1226 2929 minui·

133 2974 196 3041 ‚tur
216 2994 281 3057 quo
306 2975 411 3071 magis
439 2975 517 3042 haee
550 2975 758 3042 historiarum
780 2973 951 3061 promissio
973 2974 1012 3035 ut
1032 2969 1119 3035 forte
1141 2968 1225 3034 inei·

142 3075 221 3159 dens
241 3078 369 3144 videtur
389 3079 582 3167 interposito
605 3102 689 3161 esse,
711 3079 798 3166 quod
821 3079 849 3146 si
872 3099 912 3143 ex
935 3074 1038 3142 Rothi
1062 3073 1225 3140 sententie

142 3204 180 3248 11
201 3172 434 3270 inteliegantur‘
455 3187 526 3253 fieri
547 3189 708 3254 neminem
723 3187 819 3273 fugit.
862 3184 915 3249 Ita
931 3183 1029 3249 etiam
1050 3179 1226 3246 interim

141 3307 251 3353 vocem
274 3289 406 3356 meliore
427 3290 497 3357 iure
520 3292 650 3358 donec
671 3310 937 3378 composuere
953 3287 1103 3374 explices,
1125 3305 1226 3370 quem

143 3393 229 3478 quod
251 3391 456 3461 Gutmsnnus
477 3418 649 3484 perperam
670 3399 782 3463 nostro
807 3394 958 3461 adverbio
980 3393 1137 3476 iibrigeus
1151 3388 1227 3456 red-

143 3497 243 3578 didit,
275 3521 342 3565 uon
374 3500 511 3569 fortuito
544 3502 578 3568 id
599 3501 722 3568 factum
744 3523 812 3568 esse
835 3500 982 3587 apparet.
1005 3534 1048 3546 -
1072 3493 1146 3562 Jsm
1171 3495 1229 3560 de·

142 3602 239 3669 lende
272 3604 395 3671 iudicet
414 3606 659 3695 Peerlkampius
690 3607 790 3672 verbe
824 3604 893 3671 vel
925 3601 1151 3669 incondite
1180 3619 1227 3665 eo

86 3832 94 3847 ·
214 3814 261 3888 54)
279 3815 388 3873 Vertit:
416 3816 512 3874 ›Dooh
536 3815 591 3874 soll
614 3832 643 3873 es
660 3814 738 3872 mieh
755 3813 836 3872 nieht
854 3811 1029 3870 rerdriesseu
1030 3845 1147 3879 .....
1165 3807 1228 3864 suf·

142 3904 432 4065 Ιὶιεὺθ116111111110111
450 3993 544 4052 werde
560 3994 631 4052 ioh’s
649 3993 753 4052 einmsl
766 3991 915 4073 'zufrieden
934 3990 996 4049 sein
1001 4025 1141 4058 ......
1166 3984 1229 4042 eui·

143 4083 260 4156 gestellt
276 4103 311 4140 ru
327 4081 448 4140 helien«.
485 4084 532 4140 Sie
551 4084 639 4142 etism
657 4084 821 4152 Wulohius,
839 4081 1000 4155 Hoeggius,
1016 4075 1231 4148 Peerlksmpius

142 4171 293 4245 (exemplis
310 4171 409 4230 addito
426 4172 575 4240 Louintu
585 4175 635 4243 111,
653 4174 678 4244 1,
697 4175 753 4248 22),
771 4172 904 4241 Kritsiur,
921 4171 1088 4244 1111131111,
1108 4167 1231 4242 Nipper-

135 4261 301 4357 1111111(εά
319 4261 416 4320 annal.
431 4280 462 4337 p.
480 4264 541 4339 lx).
