2730 4650
687 285 706 347 9

153 445 317 536 integrum
331 443 507 520 restituere
529 475 589 520 nos
611 457 743 539 nequire
757 453 955 521 consessit
919 457 955 546 ut
957 438 1048 519 amur
1069 453 1134 519 illis
1157 475 1238 539 quos

152 555 357 621 tradiderunt
380 559 475 623 nobis
496 561 696 643 grammatici
712 561 814 625 obelis
836 563 869 626 et
890 541 1050 652 asteriscis
1073 562 1175 643 atque
1191 558 1239 625 di·

151 659 292 743 ligenter
316 680 384 728 rem
404 664 553 728 meditati
576 665 627 729 vel
648 663 804 729 librorum
835 665 933 730 verba
955 665 1032 748 quid
1055 664 1117 729 sibi
1137 664 1239 729 velint

152 765 204 829 vel
223 767 309 848 quod
331 769 523 833 vccabulum
546 755 669 854 quaeve
691 770 853 834 sententia
875 792 920 834 ex
928 771 1117 858 argumento
1098 768 1239 833 ototius

153 869 217 933 loci
238 873 426 955 expectetur
448 895 508 958 pro
531 876 618 938 certo
634 875 934 941 constituamus—
955 873 1025 940 Nec
1048 873 1237 951 delabimur,

154 976 180 1038 si
203 967 307 1039 misso
333 979 437 1042 nostri
471 999 577 1042 amore
607 981 641 1042 et
662 979 767 1043 studio
790 979 830 1043 ad
852 979 1019 1064 scriptoris
1040 979 1240 1045 voluntatem

154 1082 418 1164 quamproxime
439 1071 590 1148 accedere
613 1084 732 1166 ubique
754 1103 828 1147 cum
849 1104 926 1147 cura
947 1084 1120 1161 studemus,
1143 1084 1183 1147 in·
1200 1082 1240 1146 il-'

154 1179 210 1247 lud
232 1185 410 1249 conicieudi
431 1206 531 1268 genus
559 1187 650 1252 cuius
676 1187 822 1272 exempla
844 1188 882 1251 ut
909 1189 1009 1252 »scita
1031 1187 1088 1252 illa
1111 1186 1241 1271 quidem

155 1275 210 1352 sed
232 1311 298 1353 non
320 1292 509 1369 necessaria,
533 1311 608 1375 ergo
623 1291 724 1356 falsae
741 1293 907 1377 aspernari
931 1313 967 1357 ac
990 1314 1140 1378 respuere
1162 1290 1240 1356 iussi

156 1412 274 1456 sumus.
330 1394 446 1478 Itaque
479 1397 667 1459 omittamus
701 1398 881 1489 excogitare
919 1398 1117 1462 coniecturas
1152 1396 1241 1460 »sola

157 1496 275 1561 mentis
297 1498 473 1581 sagacitate
495 1488 860 1596 obortas‹1⁶),quippe
882 1501 1000 1584 quibus
1022 1502 1153 1566 minime
1175 1501 1240 1565 iam

157 1590 252 1682 egere
277 1604 373 1665 vexat
373 1603 482 1667 issima
496 1603 706 1698 »Agricolae«
728 1606 827 1670 verba
838 1606 1059 1696 comprobent
1079 1627 1242 1671 commen-

157 1704 233 1767 tarii
255 1696 392 1784 critici,
407 1726 600 1792 omnemque
633 1709 836 1794 diligentiam
859 1715 892 1774 et
912 1710 973 1774 ad
982 1707 1165 1775 Woelfflini
1188 1731 1242 1774 ex·

159 1808 332 1892 emplum
323 1827 380 1874 1m1
372 1812 515 1878 t'a'ndum
550 1817 582 1878 et
567 1812 645 1878 tad
667 1814 889 1898 exequendum
912 1815 1030 1878 munus
1051 1815 1242 1898 interpreta-

159 1912 259 1976 tionis
281 1914 501 1982 adhibeamus.
547 1917 635 1993 Quae
658 1919 788 2003 quidem
810 1941 850 1982 ne
872 1920 1084 2004 ipsamodum
1098 1919 1241 1994 excedat,

159 2009 334 2104 praecipua
365 2023 515 2088 cautione
548 2023 643 2087 nobis
677 2044 760 2107 opus
795 2023 901 2087 estin
923 2023 1243 2108 supplendi.ratione

157 2123 308 2201 ineunda,
332 2147 396 2208 qua
418 2127 543 2212 saepius
564 2128 757 2212 interpretes
768 2127 861 2192 abusi
883 2130 967 2191 sunt.
1013 2126 1106 2202 Quod
1127 2129 1243 2193 vitium

159 2231 197 2294 ut
218 2233 304 2295 certe
324 2231 477 2313 vitemus,
506 2230 625 2314 ubique
654 2234 820 2296 teneamus
851 2234 979 2316 oportet
1007 2231 1090 2296 nihil
1112 2253 1243 2317 prorsus

82 2356 85 2363 ’
160 2336 196 2400 in
218 2335 285 2398 ulla
306 2334 420 2419 lingua
441 2335 612 2420 cogitando
639 2335 714 2400 cddi
737 2357 830 2420 posse
852 2337 915 2400 nisi
938 2337 1022 2420 quod
1045 2340 1078 2401 et
1099 2358 1244 2402 necessa·
1294 2396 1295 2399 ,

160 2438 210 2504 rio
232 2441 266 2503 et
302 2438 396 2504 facile
430 2461 447 2504 c
480 2461 576 2504 sensu
607 2440 709 2504 totius
730 2440 806 2505 loci
829 2441 981 2519 addatur,
1009 2441 1098 2505 cuius
1119 2441 1200 2524 legis
1215 2439 1243 2504 si

162 2543 293 2636 proprio
317 2544 456 2627 quodam
478 2544 729 2628 scriptoris-usu
750 2543 886 2610 formari
914 2545 976 2609 tibi
1004 2545 1131 2609 videtur
1153 2565 1243 2610 exce·

161 2650 237 2733 ptio-
253 2649 332 2712 satis
354 2670 428 2713 eum
450 2651 599 2712 constare
621 2649 733 2732 utique
753 2670 881 2714 necesse
904 2652 967 2725 est;
999 2651 1150 2715 omnibus
1172 2649 1244 2714 aliis

162 2754 241 2818 locis
265 2756 322 2818 aut
342 2752 424 2818 nihil
446 2742 660 2838 supplendum
683 2755 739 2817 aut
762 2753 914 2817 excidisse
937 2754 1059 2837 aliquid
1076 2756 1128 2840 vel
1150 2755 1244 2820 aliter

162 2858 260 2923 verba
293 2846 446 2943 corrupta
476 2878 543 2924 esse
576 2857 783 2922 statuendum
815 2858 886 2921 erit.
909 2893 953 2904 -
986 2857 1069 2922 Tum
1099 2860 1135 2923 in
1164 2859 1244 2923 locis

163 2961 270 3026 mendi
292 2950 426 3026 alicuius
459 2963 599 3047 speciem
630 2983 707 3047 prae
723 2996 726 3003 ⁴
740 2982 774 3026 se
804 2961 984 3026 ferentibus
1014 2965 1141 3028 coactas
1163 2983 1244 3046 quas

164 3065 275 3130 dicunt
306 3066 608 3151 interpretationes,
645 3088 728 3151 quae
760 3065 860 3151 longo
890 3066 1074 3132 incedentes
1095 3066 1244 3131 anfractu
1338 3092 1351 3119 ·

164 3170 344 3255 simplicem
366 3172 505 3255 denique
527 3173 723 3236 sententiam
752 3193 769 3236 e
792 3171 899 3236 verbis
920 3171 1077 3236 librorum
1099 3170 1244 3250 eliciunt,

164 3275 355 3360 plerumque
374 3297 441 3340 non
463 3297 633 3362 possumus
654 3298 721 3341 non
742 3277 872 3354 reicere,
896 3279 972 3358 quia
988 3297 1044 3340 cur
1057 3275 1244 3360 perspicuae

163 3387 196 3449 et
217 3386 323 3448 certae
343 3384 479 3450 dictioni
501 3385 671 3449 obscuram
694 3404 730 3447 ac
753 3383 885 3448 dubiam
904 3383 1093 3466 scriptorem
1115 3386 1246 3467 praetu-

162 3490 235 3554 lisse
259 3489 438 3573 putandum
460 3489 504 3552 sit
519 3511 585 3553 non
597 3488 826 3572 intellegimus.
848 3521 891 3536 -
913 3485 985 3550 Jam
1009 3487 1147 3551 maxime
1169 3503 1245 3551 con*

163 3596 215 3658 tra
236 3593 444 3679 Peerlkampi
476 3595 783 3679 interpretationem
814 3592 846 3656 id
872 3592 1097 3656 annotandum
1118 3592 1245 3657 videtur

162 3697 228 3762 non
251 3719 318 3763 esse
340 3695 509 3783 prudentis
541 3698 729 3783 interpretis
763 3696 872 3760 omnia
894 3696 1060 3781 scriptoris
1082 3696 1181 3760 verba
1203 3696 1245 3761 ad

161 3801 251 3887 leges
261 3821 368 3868 severe
383 3802 547 3888 cogitandi
570 3806 627 3867 aut
649 3799 797 3867 accurate
820 3801 997 3866 disserendi
1019 3823 1169 3866 revocare
1192 3822 1245 3868 ea·

163 3912 226 3992 q'ue
259 3929 341 4001 quae
374 3908 438 3973 illis
461 3930 528 3972 non
549 3907 646 3993 plane
668 3907 885 3992 respondeant
906 3907 1112 3988 addubitare,
1147 3928 1188 3970 ne
1208 3907 1244 3970 in'

163 4034 258 4098 prosa
280 4006 409 4099 quidem
431 4015 595 4080 oracione„
640 4009 710 4079 Nec
739 4012 825 4078 enim
847 4033 1054 4097 quascunque
1075 4010 1188 4095 lingna
1209 4010 1246 4084 in

237 4226 282 4297 15)
300 4225 365 4282 vie
383 4203 479 4296 spida
496 4184 516 4279 ιζ
534 4190 554 4279 ι.
