2730 4650
651 276 702 351 511

136 453 232 515 runt«
265 454 299 518 οι
321 475 378 518 »ea
400 477 511 541 pugna
534 456 672 521 Romani
695 457 869 523 Britannos
894 455 1094 522 vincebant«.
1140 450 1221 523 (tum

49 544 54 552 ’
137 557 195 621 tali
217 561 377 624 sententia
398 562 446 625 ita
468 566 593 626 utnon
624 566 767 627 mutetur
795 564 886 629 verbi
908 563 1022 628 modus
1043 585 1137 648 saepe
1159 562 1222 628 La·

136 662 199 726 tini
220 664 362 749 iungunt
384 690 450 731 non
473 691 582 732 veram
604 690 685 752 quae
708 669 826 733 dicitur
838 668 1061 733 condicionem
1073 669 1222 733 enuntia·
1246 650 1254 663 ⁹

136 771 204 834 tam
225 792 295 833 eam
319 773 485 855 particulis
507 775 541 837 si
563 774 614 838 vel
637 775 721 839 nisi
744 775 809 859 (ni)
845 776 878 838 et
906 773 1112 838 coniunctivo
1134 774 1222 858 plus·

137 877 370 960 quamperfecti
393 879 458 943 sive
488 879 686 964 imperfecti,
721 902 784 964 qua
817 880 1031 963 restringatur
1061 884 1118 943 aut
1150 880 1222 964 ipsa

136 981 194 1044 illa
216 984 392 1060 sententia,
422 985 470 1047 ita
492 987 528 1047 ut
551 985 742 1050 obiectivam
765 967 994 1069 quam'llicunt
1015 985 1083 1048 eius
1104 988 1223 1050 verita-

136 1088 202 1150 tem
237 1089 273 1152 in
308 1091 532 1154 certitudinem
553 1091 762 1155 subiectivam
787 1083 953 1155 deminuat
975 1089 1130 1174 scriptor,
1164 1092 1222 1154 aut

136 1193 238 1256 altera
260 1195 416 1277 quaedam
448 1218 487 1260 ex
516 1197 574 1260 illa
602 1198 654 1262 vel
675 1197 772 1283 puolo
795 1197 893 1260 etiam
914 1195 1066 1259 audacius
1089 1217 1128 1259 ex
1149 1198 1220 1261 toto

137 1302 371 1365 sententiarum
402 1302 512 1366 ordine
547 1304 653 1367 mente
680 1301 834 1365 addenda.
890 1299 1004 1384 Itaque
1027 1300 1221 1365 indicativus

137 1406 304 1489 praeteriti
327 1405 471 1490 (impert,
494 1406 576 1490 perf.
596 1429 649 1470 seu
670 1406 895 1490 plusquampl,
920 1405 947 1469 si
968 1405 1057 1490 prius
1080 1405 1126 1484 fit,
1149 1406 1222 1472 loco

136 1511 287 1575 coniunct
289 1511 333 1575 ivi
356 1511 663 1595 plusquamperfecti
653 1510 720 1598 (
704 1510 744 1575 f
758 1510 839 1614 Agr.
864 1510 903 1574 16
926 1510 1078 1574 amissa
1101 1510 1220 1590 foret,

136 1616 178 1683 37
202 1618 419 1700 acceptum
442 1615 561 1698 foret)
585 1637 662 1700 pom
652 1616 754 1733 ittig,
764 1605 785 1679 a
814 1637 878 1700 quo
903 1637 940 1679 eo
964 1618 1091 1680 tantum
1112 1616 1222 1682 differt

136 1722 222 1806 quod
244 1723 365 1786 maiore
395 1722 428 1786 vi
457 1743 494 1784 ac
516 1722 634 1785 fiducia
656 1688 811 1791 ιιιΜιιι
833 1721 918 1805 quod
940 1742 959 1784 a
982 1724 1134 1785 narrante
1101 1721 1222 1787 tfer-

136 1831 189 1891 tur
211 1827 418 1911 pronuntiat,
451 1827 540 1912 cuius
562 1828 698 1891 rationis
721 1828 920 1911 exemplum,
943 1829 981 1889 ut
1003 1826 1116 1891 eodem
1138 1830 1221 1907 utar,

135 1931 196 1997 hoc
218 1933 354 1997 habeas:
393 1933 649 2016 »vincebantque
680 1955 717 1996 ea
738 1953 849 2016 pugna
871 1931 1011 1996 Romani
1034 1931 1106 1996 Brit
1093 1935 1220 2013 tanum,

136 2039 170 2102 ni
192 2040 237 2122 (si)
276 2061 338 2101 una
371 2038 455 2121 legio
477 2039 511 2102 in
534 2038 650 2101 itinere
673 2038 838 2101 retardata
860 2039 943 2101 esset
965 2037 1103 2122 (mature
1126 2038 1221 2102 adve-

136 2143 290 2231 nisset)«;
315 2145 363 2207 sin
388 2144 563 2228 posterius,
587 2164 606 2205 a
629 2142 761 2227 propria
783 2163 840 2205 sua
862 2142 980 2205 natura
1002 2164 1069 2206 non
1091 2144 1220 2224 recedit,

135 2277 193 2319 nec
216 2255 294 2337 ipsis
316 2276 398 2336 quae
420 2253 613 2336 copulantur
636 2252 814 2316 enuntiatis
837 2252 911 2315 miri
924 2251 1046 2337 aliquid
1057 2253 1143 2316 inest
1164 2253 1220 2317 aad

134 2359 194 2423 soli
217 2379 328 2422 eornm
351 2357 571 2421 coniunctioni
587 2357 753 2421 exhibenti
766 2357 944 2421 sententiae
957 2357 1116 2440 quendam
1127 2358 1220 2440 quasi

133 2464 259 2528 hiatum
281 2463 453 2546 legumque
476 2466 626 2527 accurate
660 2463 826 2547 cogitandi
849 2462 1088 2547 neglegentiam
1112 2466 1163 2545 (nt
1183 2464 1219 2529 in

133 2570 194 2634 hoc
226 2591 337 2633 sensu:
376 2591 494 2651 »eaque
530 2590 640 2653 pugna
675 2569 815 2633 Romani
837 2567 1013 2633 Britannos
1045 2568 1220 2634 vincebant

135 2676 308 2759 (vicerant)
333 2676 443 2758 [adde:
465 2678 498 2738 et
509 2697 546 2738 ea
558 2674 692 2738 victoria
702 2673 898 2738 debellatum
923 2673 1029 2756 esset]‚
1053 2674 1117 2737 nisi
1140 2695 1220 2758 pau·

133 2781 177 2845 cis
211 2783 283 2865 post
317 2781 429 2843 diebus
462 2780 599 2843 alterum
632 2780 741 2842 hostes
768 2778 943 2842 exercitum
967 2779 1220 2862 collegissentr).

133 2883 220 2959 Quae
254 2907 291 2949 eo
325 2884 445 2948 lenitur
475 2883 711 2966 quodammodo
734 2883 820 2965 quod
844 2904 970 2966 semper
992 2882 1060 2947 fere
1083 2885 1218 2949 restrin-

133 2991 237 3073 genda
259 2990 419 3053 sententia
441 3011 458 3051 e
482 2988 692 3072 pronuntiata
715 2986 870 3050 facillime
904 2987 1046 3064 additur,
1084 2990 1161 3072 quia
1183 2990 1218 3054 in

133 3097 294 3181 plerisque
316 3094 493 3158 enuntiatis
515 3093 636 3156 talibus
660 3093 828 3156 auxiliaria
851 3113 934 3176 quae
957 3092 1108 3157 dicuntur
1119 3095 1218 3159 verba

134 3206 187 3284 (ut
219 3201 413 3276 debebat,
447 3199 696 3283 oportebat;
741 3198 908 3275 avebat,
942 3197 1134 3282 parabat;
1158 3222 1218 3266 vo·

132 3309 233 3386 luit,
271 3309 446 3371 conatus
469 3304 545 3388 est)
578 3303 627 3366 vel
667 3303 854 3387 coniugatio
895 3302 1128 3387 periphrastica
1164 3306 1218 3370 vel

132 3414 283 3479 adverbia
328 3433 459 3496 paene
504 3414 537 3474 et
581 3430 706 3494 prope
740 3409 791 3472 vel
822 3408 937 3472 similis
971 3408 1218 3492 significationis

132 3521 229 3585 verba
259 3519 377 3604 (haud
413 3515 518 3580 mult
504 3520 587 3579 tum
623 3516 790 3590 aberat,
829 3513 1078 3592 inclinabat)
1111 3516 1218 3600 posita

131 3630 216 3690 sunt
193 3625 363 3709 tSicig
365 3625 432 3687 itur
455 3621 602 3686 existimo
626 3641 720 3683 usum
743 3620 832 3683 illum
854 3618 1021 3682 indicativi
1035 3620 1218 3687 describen-

130 3731 207 3794 dum
230 3750 311 3794 esse:

217 3881 256 3946 In
277 3879 410 3964 apodosi
433 3878 675 3944 enuntiatorum
688 3876 958 3941 condicionalium
980 3899 1118 3961 quorum
1141 3897 1218 3962 pro-

130 3989 209 4054 tasis
231 3989 291 4052 nisi
314 3985 378 4067 (ni)
400 3984 450 4048 vel
473 3984 578 4048 rarius
600 3987 626 4048 ai
650 4004 722 4046 cum
741 3983 948 4047 coniunctivo
973 3982 1218 4067 plusquamper-

128 4092 204 4158 fecti
228 4113 284 4155 seu
307 4088 487 4174 imperfecti
510 4088 608 4152 habet

214 4252 240 4319 1.
284 4255 468 4320 indicativus
499 4250 669 4334 imperfecti
701 4248 917 4314 certitudinem
938 4243 1016 4308 facti
1038 4243 1087 4308 vel
1110 4245 1215 4308 statue

969 4355 1007 4418 ,p
