2730 4650
679 274 721 340 28
784 366 788 374 ,

151 461 230 510 sane
251 442 285 508 id
305 444 392 531 quod
414 444 557 511 Kritzius
585 445 769 530 proposuit:
817 443 983 510 »Perfecto
1016 442 1120 508 utitur
1143 440 1241 507 Taci-

154 550 208 614 tus
229 596 418 617 .........
442 552 484 618 ad
505 552 674 619 consilium
686 551 899 617 excusandum
913 550 1023 634 [addet
1048 548 1132 634 quod
1145 549 1243 634 quale

155 656 238 721 esset
259 655 355 722 titulo
377 657 455 723 libri
475 657 653 722 indicatum
675 657 768 745 eratl.
814 655 918 721 Venia
940 656 1042 741 igitur
1054 700 1239 720 .........

153 761 331 846 tempora«.
377 760 480 839 Quam
501 763 696 828 sententiam
719 762 760 827 ab
783 760 945 828 Urlichsio
970 783 1037 826 non
1059 759 1239 827 refutatam

154 867 242 950 puto.
309 866 371 942 Qui
403 889 477 933 cum
511 869 649 933 relicuas
681 866 787 932 Kritzi
820 867 1085 953 interpretationi
1120 867 1237 933 contra

154 971 305 1037 Wexium
316 975 402 1039 recte
414 996 560 1039 assensus
573 973 611 1040 de
633 975 732 1040 verbo
755 973 772 1038 i
776 974 843 1038 uit
866 973 1004 1038 scribatr
1030 972 1240 1056 ›veniaopus

152 1077 217 1144 fuit
236 1079 324 1144 kann
345 1101 408 1145 nur
430 1079 575 1145 heissen:
598 1079 652 1143 ich
676 1079 759 1144 habe
781 1078 831 1143 die
855 1076 1033 1143 Naehsicht
1057 1076 1134 1142 oder
1156 1075 1242 1142 Ent-

153 1185 368 1271 sohuldigung
400 1185 515 1271 no’thig
547 1183 676 1270 gehabt.
730 1183 805 1249 Tac.
827 1183 885 1247 hat
907 1184 951 1248 sie
974 1183 1052 1248 aber
1073 1180 1157 1247 noch
1179 1185 1241 1248 nd·

152 1289 240 1376 thig3
270 1290 355 1356 denn
378 1313 413 1356 er
435 1290 528 1355 sucht
550 1291 595 1354 sie
614 1290 666 1374 ja,
700 1293 759 1356 wie
782 1293 836 1355 der
858 1294 1025 1374 degensatz
1048 1310 1147 1372 quarn
1168 1309 1239 1353 11011

152 1394 303 1480 petissem
326 1395 425 1482 zeigt,
464 1397 546 1461 eben
564 1395 648 1480 jetzt
668 1397 735 1460 erst
756 1395 880 1473 nach‹,
914 1416 982 1461 non
1015 1416 1145 1480 possum
1168 1415 1238 1460 non

150 1500 262 1565 mirari
295 1502 380 1587 quod
412 1499 761 1586 plusquamperfectum
793 1501 992 1586 petissem
1025 1501 1109 1566 idem
1140 1500 1239 1586 plane

150 1605 257 1672 valere
280 1606 395 1672 statuit
415 1607 502 1692 quod
523 1605 748 1692 imperfectum
771 1609 968 1692 peterem,
994 1627 1058 1692 qua
1080 1605 1236 1691 opinione

150 1710 335 1797 improbata
356 1733 398 1778 ue
421 1710 437 1776 f
442 1711 553 1777 uerit
585 1711 714 1797 quidem
748 1712 970 1777 emendatione
1003 1711 1074 1775 loco
1097 1710 1236 1776 obscuro

149 1816 255 1881 lucem
276 1817 408 1882 allatam
430 1817 525 1884 dices.
585 1815 662 1884 Non
686 1817 788 1902 magis
810 1818 916 1883 deleto
939 1815 1027 1881 suit
1048 1837 1117 1880 rem
1139 1836 1238 1902 expe-

150 1921 231 1988 divit
253 1921 397 2004 Wexius,
420 1923 510 1988 ouius
532 1922 703 2008 explicatio
726 1923 817 1988 verbi
840 1923 1058 2008 petissem,
1082 1921 1236 1989 audacior

148 2027 249 2092 etiam
269 2049 367 2113 qnam
389 2029 557 2115 ingeniosa
570 2029 638 2096 eius
649 2029 687 2094 de
698 2028 917 2114 intellegendo
937 2026 1016 2092 fuit
1038 2017 1233 2108 coniectura,

147 2134 371 2199 tantummodo
393 2133 429 2199 in
452 2134 630 2200 orationem
653 2134 863 2200 vehementer
887 2136 1081 2200 commotam
1095 2133 1231 2219 quadra-

142 2240 208 2303 ret.
251 2237 325 2305 Jam
342 2239 470 2324 utrique
483 2239 744 2326 interpretationi
766 2240 897 2305 obstant
918 2240 1053 2306 leviores
1075 2237 1233 2326 quaedam

146 2346 385 2427 dubitationes,
421 2369 502 2433 quae
534 2352 571 2412 ut
606 2348 723 2414 clarius
757 2350 934 2435 appareant
963 2347 1064 2413 totius
1086 2345 1233 2432 prooemi

142 2453 295 2522 adscribo
318 2457 544 2541 argumentum
567 2454 667 2541 (quod
697 2476 931 2540 nonnunquam
953 2454 1141 2538 interpretis
1162 2454 1233 2519 rica

147 2556 240 2644 nugi
260 2581 354 2646 posse
367 2559 521 2626 iudicavit
533 2560 602 2648 ipse
624 2582 767 2626 summus
780 2559 816 2626 F.
834 2559 874 2625 A.
886 2556 1027 2624 Wolfius
1042 2558 1078 2626 in
1100 2558 1234 2644 egregia

148 2664 350 2750 praefatione
383 2665 424 2730 ad
445 2687 519 2732 eum
548 2666 669 2731 librum
690 2687 755 2753 quo
780 2666 1036 2732 »collaboratore
1061 2666 1234 2731 etiamtum

147 2771 328 2857 paedagogi
337 2769 517 2839 Ilfeldcnsis
536 2772 807 2860 amplissimorum
829 2793 963 2860 operum
984 2772 1099 2840 seriem
1122 2771 1234 2860 auspi·

147 2879 239 2943 catus
264 2876 379 2962 estre:

236 2981 421 3050 »Clarorum
454 2984 598 3050 virorum
627 2984 710 3050 vitas
731 2985 890 3052 scribendi
912 3007 1035 3051 morem
1057 2986 1232 3072 antiquum

147 3086 245 3153 etiam
266 3090 379 3154 nostra
400 3091 488 3179 aetas
511 3112 706 3176 quamquam
734 3092 894 3157 incuriosa
916 3113 1047 3157 suorum
1068 3091 1103 3156 in
1125 3091 1234 3157 homi·

146 3193 242 3260 nibus
280 3194 398 3259 virtute
433 3197 717 3281 praestantissimis
750 3199 917 3281 persecuta
950 3199 1007 3263 est.
1053 3194 1116 3262 Sed
1143 3195 1232 3283 apud

147 3298 270 3385 priores
299 3300 482 3386 saepissime
516 3303 549 3367 et
581 3322 599 3366 a
632 3301 848 3367 celeberrimis
876 3302 1009 3387 ingenio
1031 3301 1231 3388 prodebatur

146 3405 276 3472 virtutis
297 3407 465 3485 memoria3
503 3407 581 3493 quin
618 3407 716 3472 etiam
748 3429 838 3472 suam
860 3408 947 3493 ipsos
966 3409 1068 3475 vitam
1089 3407 1231 3474 scribere

146 3510 233 3577 11101
243 3512 436 3579 clarissimos
451 3512 651 3600 probabant:
674 3512 759 3577 tanti
773 3516 843 3577 tum
856 3513 992 3579 virtutes
1015 3512 1233 3579 aestimaban-

145 3617 210 3683 tur·
263 3614 310 3687 Ar
332 3640 418 3684 nunc
441 3655 482 3669 -
504 3621 661 3705 tempora.
707 3619 895 3684 Domitiano
917 3620 1098 3707 imperante
1118 3621 1231 3687 aucto-

145 3741 197 3790 res
219 3725 323 3790 morte
345 3724 484 3807 multati,
507 3725 585 3791 libri
607 3726 783 3807 combusti,
808 3727 934 3812 expulsi
956 3727 1134 3813 sapientiae
1151 3747 1232 3812 ,pro-

145 3919 185 3977 Ae
203 3936 259 3976 11011
282 3919 397 3992 scripsit
419 3918 569 3991 epistolam
589 3917 718 3987 Tacitus,
743 3935 796 3975 nec
819 3936 853 3976 ex
879 3918 938 3974 alio
964 3919 1100 3976 orationis
1126 3938 1230 3993 genere

139 4009 181 4070 'ul
199 4009 278 4069 aliud
295 4012 405 4066 certum
423 4009 565 4079 quendam
583 4009 696 4066 dicendi
713 4027 795 4065 usum
812 4011 964 4067 transferre
982 4010 1060 4067 licet.

215 4101 262 4172 41)
282 4099 359 4155 Edit.
378 4099 491 4156 convivi
508 4100 659 4168 Platonici,
676 4099 752 4173 Lipa
770 4118 796 4157 a.
818 4101 895 4169 1782,
914 4101 1033 4173 pxiii:
1054 4100 1118 4159 »ein
1135 4117 1230 4173 ganan

144 4189 203 4250 und
226 4206 283 4246 von
308 4190 461 4247 Abschnitt
486 4210 521 4246 zu
545 4191 699 4247 Abschnitt
723 4191 893 4249 entuorines
921 4191 1081 4264 Argument
1109 4191 1227 4249 vertritt

127 4279 327 4342 1011111111
346 4280 394 4347 die
412 4281 502 4347 sene
520 4282 598 4345 eines
616 4281 836 4345 Romaanus«
