2730 4650
662 285 704 350 56

142 461 299 525 licentiam
329 457 550 542 accipiendum
574 480 650 521 esse.
696 456 809 541 Neque
833 455 1233 521 eratomninocurDrae·

144 586 239 648 genus
252 561 291 648 74)
315 568 501 628 annotaret:
528 564 743 647 »Regelrecht
769 568 852 627 wire
875 563 1071 628 diePeriode
1095 583 1148 625 so:
1173 581 1233 624 nec

146 707 183 717 -
208 672 316 733 ceth«.
361 666 432 734 Etsi
456 671 540 734 enirn
565 669 740 733 rectissime
763 691 795 731 se
809 667 944 732 haberet
960 668 1145 732 etiamtalis
1169 666 1234 729 cir·

143 775 266 838 cuitus:
299 797 372 839 nec
396 773 487 858 Agr.
512 774 575 837 lic.
598 795 709 837 more
738 774 814 837 iuv.
839 774 909 856 qni
942 773 1138 836 militiam
1165 793 1232 854 pro

144 879 328 943 ludibrio
363 879 518 943 habent
552 879 594 942 ad
626 879 847 943 lasciviam
883 899 1011 961 neque
1042 877 1234 960 segniter

144 984 190 1047 ad
213 984 291 1048 rol.
314 1006 360 1067 sq.
385 984 435 1047 vel
472 1005 544 1047 nec
567 973 659 1067 Agr.
682 983 727 1046 ed
761 984 980 1046 licentiam
1015 1004 1120 1046 more
1153 983 1231 1054 inv.

145 1089 215 1171 qui
239 1109 307 1171 sq.,
342 1089 529 1172 intellegere
563 1091 672 1151 tamen
712 1109 775 1151 non
800 1110 928 1172 possum
953 1109 1051 1171 quare
1075 1109 1111 1150 ea
1134 1109 1233 1170 quam

144 1193 220 1257 libri
244 1193 397 1256 exhibent
419 1194 590 1278 verborum
613 1194 804 1277 compositio
833 1216 898 1257 non
922 1193 963 1256 sit
985 1195 1073 1255 recta
1094 1196 1233 1276 aptarer

145 1300 194 1363 cui
219 1299 283 1361 nisi
307 1320 395 1362 more
419 1319 475 1360 suo
499 1296 781 1381 reprehensionem
804 1298 863 1360 viti
886 1298 985 1360 aetati
1008 1319 1083 1360 suae
1106 1297 1232 1380 proprii
1299 1364 1306 1378 ,

144 1403 348 1480 inseruisset,
380 1425 397 1466 e
422 1401 517 1466 Weni
540 1402 701 1465 sententia
725 1401 903 1486 scripsisset
924 1400 1059 1465 fortasse
1082 1400 1232 1464 Tacitus:

145 1529 216 1572 nec
239 1508 435 1591 Agricola
457 1509 641 1572 licenter
664 1510 735 1570 eut
757 1507 947 1589 seguiter
970 1528 1016 1590 sq.
1068 1507 1136 1570 Iam
1158 1528 1233 1570 cum

145 1617 178 1677 et
212 1613 251 1677 iis
284 1615 337 1697 qui
374 1614 507 1678 licenter
541 1617 574 1677 11
607 1613 662 1696 qui
687 1613 829 1696 segniter
852 1634 885 1675 se
908 1616 1026 1695 gerunt
1049 1613 1233 1696 voluptates

145 1741 209 1782 non
234 1719 340 1782 111111
363 1742 460 1803 quarn
483 1721 679 1782 commeatus
701 1718 882 1800 gratissima
904 1739 970 1781 esse
994 1718 1127 1794 soleant,
1152 1717 1234 1781 nihil

145 1844 221 1886 sane
244 1825 380 1908 impedit
401 1825 479 1908 quin
503 1845 574 1886 cum
599 1821 821 1886 Schoemanno
845 1832 877 1886 et
900 1821 1085 1886 Gutmanno
1110 1826 1235 1886 utrum·

146 1949 208 2011 que
236 1930 420 1993 adverbium
444 1930 483 1992 ad
506 1931 675 2011 utramque
699 1929 864 1991 notionem
888 1929 1049 2012 pertinere
1071 1929 1233 2004 dicamus3

147 2056 283 2117 quarum
307 2036 351 2111 si,
374 2037 411 2098 ut
434 2034 577 2098 Kritaius
600 2033 737 2109 iudicat,
762 2033 896 2095 alteram
920 2034 959 2095 ad
982 2033 1129 2110 licenter,
1154 2033 1234 2097 alte-

146 2160 214 2203 ram
238 2139 277 2203 ad
301 2140 451 2224 segniter,
476 2139 607 2203 Tacitus
630 2138 743 2202 referri
766 2138 930 2218 voluisset,
950 2140 1136 2222 praesertim
1160 2159 1233 2202 cum

147 2244 293 2331 (duplex)
317 2245 485 2309 antecedat
507 2244 650 2328 negotia,
674 2246 760 2307 certe
780 2243 1022 2328 voluptates
1044 2246 1112 2309 aut
1134 2265 1235 2308 comr

147 2351 306 2413 meatus
329 2350 515 2432 legeremus.

232 2458 342 2519 nosci
379 2455 584 2519 exercitui.
643 2453 887 2537 Peerlkampius
921 2453 1007 2518 haud
1046 2454 1235 2538 spernendis

147 2580 222 2622 usus
256 2559 457 2642 argumentis
490 2559 629 2622 coniecit
659 2579 829 2622 noscere
853 2560 1089 2622 exercitum.
1135 2559 1184 2622 Ac
1208 2559 1235 2623 si

148 2664 294 2728 codicum
317 2665 412 2727 lectio
436 2686 501 2727 non
525 2663 683 2727 movenda
708 2666 769 2741 est,
805 2685 886 2746 qnae
920 2685 984 2747 qua
1017 2686 1056 2728 ex
1086 2665 1235 2728 1111110-

148 2791 260 2834 scere
282 2771 512 2833 exercitum
544 2773 617 2834 orta
650 2769 693 2832 sit
724 2772 846 2834 certam
880 2771 1042 2852 quandam
1074 2771 1235 2836 rationem
1308 2816 1317 2833 .

148 2875 289 2940 indicare
310 2897 360 2938 me
383 2897 449 2939 non
473 2897 565 2959 posse
590 2876 748 2952 concede,
783 2877 922 2959 ingenue
946 2875 1115 2938 fatendum
1137 2874 1236 2955 fuisse
1274 2929 1277 2935 .

148 2986 227 3066 puto
249 2981 483 3064 interpretibus
503 2980 707 3044 huncloeum
729 3002 768 3043 ex
789 2981 829 3043 iis
851 3001 916 3043 esse
939 2981 1057 3063 quibus
1080 2981 1106 3044 si
1129 2981 1174 3044 ita
1198 2983 1237 3044 ut

147 3084 393 3168 Peerlkampius
415 3085 588 3167 legendum
611 3085 751 3148 decrevit
763 3084 894 3148 Tacitus
909 3086 1097 3168 scripsisset,
1120 3086 1237 3150 melius

149 3190 292 3268 facturus
325 3188 421 3253 fuerit
456 3188 525 3272 (cfr.
564 3187 641 3253 Luc.
675 3188 823 3253 Muelleri
857 3190 906 3254 ed.
928 3189 1043 3253 Horat.
1074 3214 1105 3274 p.
1129 3189 1237 3272 VIII).

148 3295 274 3360 Passivi
306 3295 393 3359 enim
428 3294 519 3358 verbi
552 3316 618 3358 non
650 3292 771 3357 formae
794 3294 898 3358 solum
922 3295 962 3357 ab
985 3297 1098 3359 activis
1121 3297 1237 3361 ceteris

149 3402 294 3466 diversae
328 3400 382 3463 sed
416 3399 519 3463 multo
542 3400 646 3484 magis
669 3401 776 3463 sensui
799 3421 818 3462 a
839 3402 910 3464 toto
929 3403 1159 3465 sententiarum
1184 3423 1239 3465 or·

148 3506 223 3570 dine
247 3505 442 3589 discrepanti
464 3526 530 3569 non
553 3505 632 3569 levis
655 3506 739 3568 inest
764 3505 913 3577 offensio,
938 3509 1090 3590 quoniam
1115 3508 1237 3572 nosci
1293 3508 1301 3525 ⁰

150 3611 357 3677 exercitui
380 3633 484 3694 neque
506 3613 543 3674 ut
567 3612 665 3674 ceteri
687 3611 842 3674 infinitivi
864 3611 970 3675 verbis
992 3615 1166 3695 quaesunt
1188 3613 1238 3678 ad

149 3717 222 3783 vol.
247 3719 286 3780 11
318 3737 453 3780 comm.
477 3715 657 3780 rettulit
685 3716 879 3779 contrariam
903 3717 1069 3780 notionem
1091 3717 1180 3782 addit
1203 3721 1267 3782 et·

149 3844 222 3888 cum
256 3844 293 3886 eo
324 3822 410 3905 quod
443 3821 589 3903 sequitur
621 3819 732 3884 nihil
755 3823 954 3905 appetere
976 3822 1015 3884 in
1038 3822 1238 3886 iactatio·-

149 3949 235 3993 1111
258 3927 383 3990 videtur
406 3925 641 4009 quodammodo
658 3947 850 4009 repugnare.
894 3923 958 3989 cfr.
972 3928 1069 3990 etiam
1092 3948 1173 4010 quae
1196 3927 1237 3992 de

149 4031 416 4118 recognoscendis
439 4034 472 4094 et
494 4030 681 4094 enarrandis
704 4052 763 4095 scr.
786 4032 902 4095 minor.
927 4029 1135 4095 Woelfflinus
1156 4031 1239 4097 Phi·

1219 4128 1230 4149 .

223 4198 268 4268 74)
287 4194 421 4252 Eiusdem
439 4195 592 4266 explicatio
613 4197 743 4253 »rettulit
766 4213 812 4251 »er
829 4197 992 4260 benutzte«,
1009 4194 1183 4261 cigentlich
1202 4217 1237 4244 =

129 4287 267 4354 spectare
281 4285 430 4357 putarit«.
468 4304 527 4345 non
545 4285 628 4345 video
647 4286 719 4360 quid
734 4285 873 4359 proficiat.
