2730 4650
653 306 696 373 22

133 498 196 556 cas,
219 479 400 546 consideres
422 481 520 548 velim
542 484 654 548 nostro
677 481 776 549 moris
799 501 866 548 esse
888 481 926 543 ut
948 479 1108 544 ablativos
1130 479 1223 543 exte·

133 583 229 649 rionis
252 586 285 649 et
313 587 479 654 interioris
510 610 606 674 quam
630 588 742 654 dicunt
764 607 876 652 causae
900 586 1094 669 coniungat,
1130 584 1223 648 ouius

134 689 180 753 rei
204 691 290 776 apud
313 691 470 757 Rothium
493 714 559 758 exo.
587 694 626 756 14
655 691 734 759 baec
768 691 924 756 habemus
947 690 1110 776 exempla:
1144 689 1222 753 Tac.

136 816 211 861 ann.
234 797 303 875 18,
326 802 347 862 4
371 799 428 875 62;
463 798 495 865 b.
518 803 538 866 2
561 800 620 875 493
653 796 723 862 Liv.
747 802 785 865 25
808 798 867 875 24,
902 795 1021 880 quibus
1041 818 1080 860 ex
1105 795 1225 880 »Agri-

135 900 225 964 cola«
255 902 353 968 addas
380 904 479 968 etiam
509 925 536 970 c.
561 905 602 968 38
632 902 788 988 gaudio
811 902 1051 988 praedaque
1076 900 1163 984 (coll.
1186 899 1221 963 h.

135 1009 152 1072 1
181 1004 272 1097 63).Ι
307 1007 449 1074 Alterius
483 1009 752 1094 significationem
782 1005 822 1072 ab
844 1006 991 1092 Hoeggio
1021 1007 1128 1071 minus
1151 1007 1223 1070 arte

137 1131 234 1196 quam
255 1111 413 1202 aKritzio
425 1115 473 1178 ita
496 1114 663 1179 definitam
687 1113 928 1198 comprobabis:
954 1113 1120 1178 »Ambitio
1144 1111 1221 1177 111.

136 1216 334 1301 est'gratiae
358 1217 526 1282 humiliter
548 1218 600 1284 vel
621 1239 679 1302 per
693 1218 793 1282 malas
809 1220 896 1282 artes
918 1218 982 1283 sibi
1003 1216 1222 1284 conciliandae

137 1321 326 1417 cupiditasc
342 1322 415 1405 (vid.
440 1322 598 1408 Nipperd.
623 1324 663 1388 ad
685 1345 761 1387 ann.
783 1327 804 1387 4
827 1324 888 1408 64).

168 1439 169 1442 ’
223 1412 407 1519 plerique
440 1449 549 1494 suam
577 1431 656 1510 ipsi
677 1431 862 1494 vitam...
909 1426 1224 1512 Devivocisple·

133 1529 256 1617 'rique
279 1531 434 1599 videndae
457 1534 563 1598 missis
584 1532 791 1619 Peerlkampi
823 1532 1015 1618 ambagibus
1037 1532 1226 1596 annotatio·

138 1657 204 1729 nes¹
219 1634 358 1717 Walohi,
380 1637 492 1717 Rothi,
513 1638 619 1703 Kritai
641 1639 681 1703 ad
703 1638 781 1719 h.l.,
804 1638 899 1703 Hessi
923 1637 962 1702 ad
985 1626 1069 1703 Dial.
1085 1638 1116 1715 2,
1139 1635 1225 1724 Nip-

139 1741 271 1826 perdeyi
304 1743 344 1809 ad
378 1766 452 1808 ann.
475 1748 494 1809 3
521 1747 534 1806 1
574 1746 607 1808 et
639 1743 720 1807 Mus.
755 1743 860 1811 Rhen.
882 1742 937 1824 n,
961 1766 992 1828 p.
1020 1743 1080 1806 102
1113 1743 1164 1826 (18,
1189 1765 1223 1828 Ρ.

43 1918 45 1922 ⁴
141 1847 213 1935 345]
247 1848 320 1912 coll.
344 1848 384 1912 iis
417 1870 498 1935 quae
531 1847 741 1913 Woelfflinus
774 1847 896 1914 Philol.
919 1852 967 1930 25,
996 1851 1053 1911 111
1088 1848 1127 1913 de
1155 1847 1221 1911 illis

140 1943 266 2040 compl
302 1975 375 2033 res,
398 1956 546 2042 plures,
569 1956 774 2022 nonnulli
795 1954 953 2040 exposuit.
1000 1953 1222 2020 Totiusetiam

142 1976 439 2144 comprobensionis
468 2062 696 2148 interpretatio
719 2082 816 2147 quam
839 2061 1084 2147 Peerlkampius
1102 2053 1222 2146 'propo-

139 2165 191 2229 nit
213 2167 382 2254 angustior
404 2169 454 2232 est
473 2189 570 2252 quam
593 2189 612 2231 a
633 2188 696 2253 que
718 2166 817 2232 verba
828 2165 932 2230 Taciti
954 2165 1149 2232 defendenda
1166 2186 1222 2230 ex·

138 2270 297 2348 intimem3
320 2273 457 2358 simplex
478 2273 650 2339 verborum
673 2294 783 2337 sensus
805 2261 859 2336 bic
879 2272 947 2336 est:
978 2269 1046 2336 »Ac
1070 2270 1223 2357 permulti

141 2396 231 2442 suam
253 2376 316 2464 ipsi
338 2377 439 2442 vitam
460 2379 690 2454 narraverunt,
727 2377 845 2442 fiducia
865 2368 1009 2458 morum,
1044 2399 1111 2442 non
1134 2398 1224 2442 arro-

140 2480 250 2564 gantia
271 2502 304 2546 se
326 2480 388 2546 hoc
409 2481 514 2548 facere
537 2482 598 2546 sibi
630 2482 768 2560 conscii,
802 2503 831 2547 v.
855 2502 882 2547 c.
905 2480 1049 2546 Rutilius
1070 2483 1105 2546 et
1126 2480 1225 2547 Sceu-

141 2606 206 2664 ruS,
231 2586 347 2672 quibus
367 2587 401 2651 id
422 2609 490 2652 non
512 2587 701 2653 citrafidem
724 2589 781 2651 aut
802 2585 1140 2666 obtrectationum«,
1163 2588 1225 2654 tri·

140 2697 238 2781 taquc
259 2693 384 2759 ratione
417 2693 513 2759 binae
542 2692 720 2757 sententiae
746 2693 781 2757 in
811 2714 908 2758 unam
929 2693 1114 2756 contractae
1136 2695 1224 2758 sunt.

143 2837 184 2852 -
206 2799 299 2866 Illius
320 2797 401 2884 ipsi
435 2798 570 2862 similius
597 2797 680 2865 nihil
702 2798 778 2862 novi
801 2819 899 2883 quam
921 2796 1046 2883 quode
1069 2793 1161 2861 Livio
1183 2803 1223 2866 26

142 2909 184 2972 29
206 2905 302 2970 affert
323 2903 441 2987 Zumpt
463 2903 491 2986 ἕ.
509 2903 589 2967 71οε
612 2903 889 2968 circumibant
910 2903 1097 2968 senatum
1120 2949 1127 2965 .
1154 2952 1161 2968 .
1186 2949 1193 2968 .
1216 2947 1226 2968 .

142 3010 412 3077 affirmantes
429 3030 466 3074 se
489 3030 572 3074 non
594 3008 709 3074 modo
733 3030 840 3090 suam
861 3009 1029 3094 quisque
1052 3008 1225 3093 patriam

142 3117 209 3185 sed
241 3117 371 3179 totam
408 3111 598 3179 Siciliam
630 3101 861 3180 relicturos
894 3114 1002 3200 (aliter
1033 3113 1118 3178 idem
1139 3118 1160 3181 2
1181 3114 1225 3181 44

143 3221 230 3287 suis
251 3221 386 3306 ipsam
409 3218 570 3284 viribus
592 3219 801 3305 dissolvi),
836 3218 944 3303 qualia
975 3240 1013 3284 co
1044 3219 1226 3286 excusanda

135 3327 267 3415 ⁴conicio
301 3325 387 3412 quod
419 3325 589 3390 iuncturae
623 3325 852 3409 pronominum
885 3346 997 3389 suum
1021 3323 1160 3409 ipse³⁷)
1183 3326 1226 3391 st

135 3431 456 3517 ‚unumquisque
478 3429 738 3515 frequentissimo
749 3453 809 3495 usu
831 3430 963 3495 auribus
986 3431 1227 3498 commendatae

143 3541 250 3604 certae
271 3540 437 3622 tamquam
459 3536 617 3602 formulae
639 3538 790 3600 naturam
812 3536 994 3615 induerint,
1025 3557 1108 3620 qnae
1129 3536 1227 3602 etiam

143 3646 269 3709 mutata
302 3642 544 3709 constructione
577 3641 788 3727 grammatica
817 3644 1033 3708 conservetur.
1078 3639 1169 3715 Quod
1191 3641 1227 3705 in

143 3750 336 3837 pronomine
357 3749 443 3833 ipse
466 3769 503 3812 eo
526 3746 654 3812 facilins
675 3747 746 3814 fieri
768 3747 886 3833 potuit,
909 3739 987 3832 quia
1008 3748 1073 3811 iam
1095 3747 1130 3812 in
1152 3746 1229 3812 sim-

132 3846 283 3947 plicibus
306 3853 475 3920 sententiis
496 3847 591 3941 saepe
612 3852 723 3918 Latini
745 3854 869 3918 rectum
892 3853 961 3919 aius
982 3872 1091 3919 casum
1114 3874 1229 3939 posue-

135 3963 221 4047 runt
242 3960 299 4025 ubi
321 3958 534 4051 oppositionis
556 3959 682 4025 ratione
705 3979 788 4024 unns
809 3979 849 4023 ex
870 3957 1012 4042 obliquis
1035 3958 1229 4042 poscebatur

143 4054 221 4155 (vid.
245 4050 372 4153 Zumpt
386 4065 505 4146 §2696
528 4066 633 4148 cutm).
686 4063 883 4130 Retinentur
904 4065 1014 4131 autern
1033 4062 1229 4128 nominativi
1272 4112 1297 4153 ·.

135 4316 138 4321 >
189 4295 254 4366 ...ev
266 4280 412 4375 nempe
431 4273 503 4352 vrso
515 4293 593 4369 apuu
612 4293 745 4368 umgas.
762 4294 789 4365 s.
805 4290 843 4351 ro
858 4292 891 4349 u
908 4291 1020 4364 rumpe.
1039 4294 1065 4369 s.
1076 4292 1130 4349 coe
1150 4290 1244 4351 anor·
1268 4292 1297 4371 *a
