2730 4650
602 215 797 349 '8sp

200 430 270 503 osse
291 433 358 476 non
380 417 473 499 esset:
485 413 572 499 quod
594 396 896 494 commemorarem,
912 413 981 483 ¹nisi
1002 412 1127 489 adicere
1147 409 1266 477 'vellem

176 433 218 596 ξ’.
241 514 282 592 D.
306 538 372 585 non
387 500 464 585 vtarn
487 517 659 585 verborum
682 519 786 597 >mira
807 517 1007 612 Ilatinitate«
1032 515 1073 580 ad
1093 513 1266 591 delendum

177 639 245 703 esse
265 619 464 704 commotum
484 643 582 708 quam
604 635 712 690 errore
735 622 995 709 illogravissimo
1017 620 1056 686 de
1079 616 1266 703 quoHoeg-

177 722 268 809 ginm
289 725 400 792 audias
426 728 553 813 optime
586 727 812 813 disserentem:
849 751 865 788 a
891 775 898 790 .
924 774 932 790 .
1021 774 1029 789 .
1054 775 1062 790 .
1087 773 1094 787 .
1119 723 1167 790 Ac
1189 744 1265 808 prof

178 825 281 909 fecto,
297 830 340 914 si
375 827 447 916 ¹quis
469 832 510 897 ad
531 831 616 897 hanc
637 828 721 897 vitae
744 831 1022 897 adumbhationem
1044 831 1208 912 tanquam¹
1225 828 1266 895 ad

179 931 364 1021 artificium,
387 935 483 1000 certis
507 938 540 1002 et
561 936 705 1018 definitis
727 935 874 1001 terminis
897 933 1191 1018 circumscriptum,
1215 951 1266 995 re·

178 1035 289 1119 gulam
312 1041 346 1115 et
356 1038 502 1105 libellam
514 1041 668 1106 adhibere
691 1043 724 1117 et
743 1041 878 1109 adeam
898 1038 951 1108 ,vel
973 1038 1098 1123 ingenii
1119 1036 1169 1102 vel
1194 1053 1266 1100 oran

178 1139 277 1232 tionis
296 1141 483 1230 imaginem,
508 1166 605 1229 quarn
628 1167 667 1213 ex
681 1144 787 1225 Taciti
808 1144 948 1224 lectione
959 1143 1023 1207 sibi
1038 1141 1135 1209 finxit
1146 1140 1265 1218 animo,

120 1252 125 1263 ⁴
179 1243 484 1334 singula'quaeque,
501 1234 650 1315 revocare
672 1252 705 1314 et
732 1249 773 1315 de
795 1270 852 1314 sno
875 1270 971 1313 sensu
992 1247 1134 1312 indicare
1156 1244 1268 1313 volae-e

178 1347 223 1411 rit
232 1337 280 1432 ¹³),
294 1349 376 1415 -fieri
397 1353 452 1417 vix
468 1356 591 1442 potest,
614 1353 697 1439 quin
715 1354 759 1421 sit
780 1352 1046 1437 deprehensurus,
1069 1368 1151 1433 quae
1173 1348 1267 1414 dubi-

178 1452 337 1519 tationem
359 1477 488 1522 movere
507 1458 662 1542 possint«
719 1456 877 1523 Maiorem
899 1457 1000 1540 igitur
1020 1453 1267 1538 interpretando

180 1578 277 1648 qnam
292 1562 511 1644 suspectando
534 1583 672 1646 operam·
687 1563 762 1627 dare
776 1561 929 1627 debemus
942 1559 994 1642 34).
1018 1596 1061 1609 --
1083 1558 1165 1631 Aliis
1187 1558 1267 1623 locis

181 1661 274 1755 utin
294 1663 598 1749 interpretationem
620 1667 726 1731 aerius
748 1657 935 1744 incumbere
956 1664 1129 1748 possimus,
1152 1683 1268 1737 caveu7

131 1808 136 1815 ‚
181 1764 259 1830 dum
279 1769 383 1833 nobis·
396 1772 446 1834 est
468 1791 508 1834 ne
531 1770 881 1853 inconiecturaliquae
905 1769 1021 1834 dicitnr
1043 1765 1268 1832 emendatione

181 1869 249 1952 dies
271 1874 446 1961 nentesque
469 1895 704 1959 consumamus.
742 1873 1037 1959 ¹Atqueinprimis
1060 1873 1092 1935 in
1116 1870 1269 1936 difficilli-

181 1973 243 2038 mis
264 1974 305 2039 iis
324 1975 404 2040 locis
426 2000 564 2062 qnorum
586 1980 729 2065 genuina
747 1979 848 2043 verba
871 1974 980 2051 uetere
1003 1976 1112 2061 aliquo
1135 1977 1267 2060 peccato

182 2077 356 2144 obliterata
374 2082 611 2171 obscurataque
635 2087 721 2160 sunt,
742 2084 789 2148 ita
811 2085 848 2146 ut
861 2082 1026 2147 interdurn·
1045 2081 1116 2166 ipsa
1139 2083 1269 2152 contra«,

173 2181 231 2245 ,ria
260 2203 387 2248 eorum·
403 2207 485 2268 qnae
516 2209 556 2252 ex
583 2187 817 2252 sententiarum
847 2187 959 2262 ordine
982 2187 1158 2270 poscantur
1179 2185 1270 2269 lega·

183 2306 264 2364 mus,
288 2288 370 2353 nihil
393 2311 469 2354 sane
491 2292 666 2375 proficiunt
681 2291 905 2356 contentiones
928 2311 1039 2355 eorum
1064 2290 1122 2372 qni
1143 2288 1269 2355 coniec-

183 2393 274 2456 turas
296 2395 489 2460 coniecturis
500 2395 678 2472 cumulant,
700 2395 855 2461 facientes
876 2415 940 2472 eas,
964 2395 1001 2467 ut
1023 2393 1138 2469 solent,
1161 2413 1227 2457 non
1251 2413 1268 2455 e

184 2496 357 2561 verborum
379 2520 504 2563 summa
526 2500 643 2564 clarius
666 2484 835 2584 perspecta
857 2498 913 2563 sed
934 2519 951 2562 e
974 2497 1118 2582 priorum
1142 2497 1270 2562 critico-

183 2622 255 2690 rum
276 2602 435 2687 inventis‚
469 2626 550 2692 quae
577 2605 686 2693 omnia
708 2626 749 2668 ne
771 2602 956 2669 verisimilia
980 2602 1108 2687 quidem
1131 2601 1199 2666 fere
1221 2603 1271 2667 in,

184 2705 349 2787 dicaveris.
406 2706 470 2772 Sed
501 2707 604 2773 multo
637 2709 743 2793 magis
764 2707 863 2773 refert
883 2714 919 2771 ut
941 2707 1093 2790 corrupta
1115 2705 1216 2770 verba
1236 2707 1271 2771 in

258 2955 388 3027 rapum.
407 2972 441 3011 ea
458 2946 581 3011 maxine
600 2973 673 3025 quse
691 2954 906 3026 Peernsmpius
931 2953 1000 3010 aare.
1017 2934 1047 3025 p.
1066 2953 1081 3007 1
1102 2954 1132 3009 ee
1147 2954 1186 3010 rc
1204 2953 1272 3009 sorr-

186 3044 258 3114 psit:
280 3044 475 3114 »Quapropter
493 3047 569 3100 recte
587 3062 632 3101 me
651 3044 749 3108 fecisse
761 3062 802 3113 sq.
815 3047 875 3100 ›et‹
888 3043 919 3125 Si
928 3043 1059 3099 Tacitum
1070 3043 1191 3115 cognovi
1200 3041 1269 3098 cet«

190 3159 208 3199 ,¹
260 3133 305 3204 14)
323 3133 388 3204 Non
406 3133 532 3188 alienum
558 3134 672 3190 videtur
700 3134 736 3190 ab
764 3134 903 3190 hocloco
926 3133 1054 3191 conferre
1073 3132 1182 3203 Haupti
1199 3130 1273 3186 illud

186 3223 221 3301 de
241 3221 415 3292 Thucydidis
432 3239 559 3278 sermone
578 3223 710 3293 (Hermae
728 3223 783 3279 vol
802 3223 852 3278 ΙΠ.
871 3242 899 3294 p.
915 3224 975 3289 150,
994 3223 1077 3278 Anal.
1090 3222 1190 3293 Lxxl:
1213 3220 1273 3277 »Ad

186 3311 274 3366 Thac.
291 3328 447 3367 sermonem
464 3311 687 3383 intellegendum
705 3329 762 3367 non
787 3312 903 3382 prodest
929 3330 1013 3373 caeca
1031 3311 1191 3383 gravissimi
1208 3310 1275 3366 scri·

185 3398 276 3474 ptoris
293 3401 453 3468 admiratio,
470 3418 572 3470 neque,
590 3402 625 3455 ut
641 3400 732 3457 libere
749 3401 843 3457 dicam
861 3401 938 3470 quod
955 3400 1056 3465 sentio,
1067 3399 1153 3458 anxia
1171 3401 1275 3468 etope·

186 3508 249 3547 rosa
268 3491 458 3565 interpretum
476 3490 653 3560 quorundam
671 3490 821 3551 subtilitas
839 3502 986 3559 nunqnam
1009 3488 1116 3545 nocuit,
1152 3487 1274 3544 multum

187 3581 285 3639 autem
301 3579 417 3650 prodest
435 3578 588 3635 informare
606 3577 701 3635 animo
725 3577 1020 3650 imaginemhominis
1038 3592 1142 3647 magno
1159 3575 1276 3646 ingenio

111 3674 113 3680 ’
186 3665 347 3745 magnaque
366 3667 507 3744 sapientia
525 3666 650 3738 praediti
669 3669 817 3748 totamque
835 3667 1082 3737 rerumgestarum
1101 3664 1277 3735 perscriban-

187 3758 287 3815 darum
305 3759 444 3839 rationem
463 3754 501 3813 dd
519 3756 590 3812 artis
607 3757 791 3814 severitatem
808 3756 978 3822 revocahtis,
996 3755 1045 3810 red
1064 3772 1099 3811 aa
1110 3756 1206 3813 aetate
1217 3770 1277 3823 qua

187 3866 271 3921 prosa
279 3848 440 3905 Atticorum
452 3846 543 3903 oratio
553 3847 676 3916 nondum
694 3847 766 3912 satis
784 3846 909 3912 exculta,
926 3845 1074 3907 rhetorum
1091 3853 1277 3916 autempraa·

175 3937 312 4013 ceptis
292 3937 377 3995 modo
396 3936 557 3997 confirmari
571 3937 683 4008 coepta
682 3937 753 3992 erat.
789 3935 888 4004 itaque
904 3938 938 3997 et
956 3936 1105 3992 abutitur
1124 3933 1276 3997 oratoriis

186 4003 334 4087 artificiis
353 4026 481 4082 novitate
492 4027 554 4080 tum
564 4024 778 4081 blandientibus
794 4030 828 4081 et
846 4028 992 4082 luctatur·
1010 4023 1103 4090 quasi
1121 4035 1194 4084 oum
1213 4032 1279 4079 aer*-

177 4132 282 4194 ‚mone
299 4116 448 4191 multaque
467 4114 588 4170 coumitt
588 4113 614 4170 it
631 4132 705 4185 quae
723 4115 852 4173 excusari
869 4117 995 4188 possunt,
1013 4111 1125 4171 laudari
1141 4113 1236 4169 autern
1249 4113 1280 4167 et

187 4190 334 4281 tamquam
351 4203 496 4279 maiestas
513 4203 585 4262 artis
602 4205 734 4276 exempla
751 4205 943 4299 commendari
960 4199 1127 4281 nentiquam
1145 4201 1276 4260 rebem«
