2730 4650
668 244 707 321 1⁹

145 411 254 513 potius
282 449 380 512 quam
403 425 514 491 Tacito
544 425 716 491 tribuenda
744 448 811 492 esse
835 448 967 513 prorsus
989 423 1140 495 assentiri
1163 441 1230 493 non

121 533 340 610 dubitarem,
372 531 436 597 nisi
462 531 589 616 saepius
615 531 707 623 illum
733 533 773 598 ad
796 534 938 599 oratoria
959 535 1109 600 dictionis
1132 554 1230 598 orua-

81 661 83 665 ·
145 641 254 704 menta
276 639 373 703 nimis
395 637 567 703 inclinasse
590 639 766 716 constaret,
799 640 884 723 quod
906 640 1036 724 quidem
1057 640 1092 704 iu
1115 659 1233 724 proce·

143 746 208 810 mio
229 745 369 813 maxime
391 743 558 808 nonlicet
580 743 673 808 nobis
695 745 855 809 omittere.
900 745 947 810 At
971 747 1063 830 »quis
1085 745 1145 810 sub
1160 744 1230 810 Do·

142 851 277 915 mitiano
313 850 472 915 invideret
504 849 638 929 virtuti,
683 871 779 932 quam
816 850 912 915 sciret
947 872 1014 916 esse
1051 851 1225 916 letalem‘h

143 953 263 1040 Nonne
286 955 356 1040 ipse
377 955 486 1048 statim
509 955 659 1039 princeps
692 955 867 1019 virtutibus
898 954 1067 1042 intensus?
1097 957 1131 1022 et
1156 977 1228 1041 pes·
1331 1006 1333 1010 .

144 1060 218 1125 simi
239 1061 429 1125 libertorum
451 1081 516 1144 qua
537 1060 631 1124 erant
646 1058 850 1144 malignitate
868 1062 901 1125 et
924 1061 1025 1144 livore
1047 1061 1247 1143 invidentes⁴

147 1188 238 1238 »cum
249 1167 311 1251 ipsi
324 1156 487 1231 honestati
499 1166 568 1228 tum
584 1163 750 1247 aliquanto
774 1165 878 1249 magis
898 1167 1021 1250 gloriae
1044 1167 1112 1230 eius
1134 1187 1228 1251 prae·

142 1273 359 1355 dicatiouique
394 1270 563 1355 ipsumque
595 1267 708 1333 florem
742 1261 908 1353 dignitatis
942 1270 1139 1355 infringere«
1163 1274 1228 1335 stu·

142 1377 274 1443 dentes?
319 1375 369 1441 Ac
391 1397 432 1440 ne
464 1376 611 1458 spectant
645 1374 773 1457 quidem
795 1375 852 1438 illa
874 1377 972 1440 verba
994 1378 1062 1441 tam
1084 1376 1124 1441 ad
1144 1375 1228 1440 invi·

143 1479 230 1569 diam
254 1503 352 1566 quam
364 1474 403 1544 ad
415 1474 491 1544 recti
515 1478 743 1563 ignorantiam,
766 1479 804 1543 de
828 1502 891 1564 qua
903 1483 983 1546 bene
997 1482 1136 1546 contulit
1147 1479 1227 1546 We-

141 1590 212 1653 xius
232 1588 351 1674 scitum
371 1585 450 1651 illud
472 1583 608 1650 loannis
639 1582 872 1668 aMueller³²J.
927 1585 1009 1651 Tum
1040 1589 1099 1653 »de
1129 1587 1225 1653 factis

60 1703 67 1709 “
144 1683 177 1761 et
199 1692 343 1760 moribus
365 1692 432 1756 vivi
454 1712 515 1755 uec
537 1690 658 1755 mortui
680 1690 848 1774 quisquam
871 1692 1011 1757 scribere
1033 1693 1225 1770 sustinuit‹;

144 1801 235 1884 quasi
257 1789 333 1862 vero
366 1817 433 1860 nou
463 1795 609 1858 laudaret
630 1794 699 1879 ipse
722 1792 852 1860 Tacitus
874 1795 910 1859 in
932 1796 1033 1860 altero
1056 1817 1126 1880 cap.
1147 1796 1227 1860 duos

143 1904 245 1983 vir0s;
278 1902 357 1967 alios
388 1900 551 1987 congessit
573 1898 750 1965 Walchius.
796 1898 969 1984 Sequentia
992 1904 1100 1965 autem
1124 1900 1227 1982 ›eon-

143 2008 244 2074 sidera
267 2030 363 2093 porro
387 2043 429 2054 —-
462 2005 615 2090 Agricola
647 2006 757 2069 venit«
786 2006 862 2090 quid
885 2007 925 2069 ad
947 2027 1015 2071 rem
1036 2006 1158 2072 faciant
1178 2005 1194 2071 f
1211 2043 1226 2056 -

141 2118 211 2180 teor
232 2136 283 2178 me
304 2135 371 2178 non
398 2111 596 2195 intellegere.
650 2109 855 2174 Coniectura
876 2110 1012 2194 denique
1036 2111 1162 2178 Peerlk.
1186 2115 1224 2180 de

141 2221 268 2305 origine
293 2218 459 2304 »glossae«
496 2239 569 2281 cum
602 2215 741 2300 glossam
758 2202 814 2280 ¹¹ad
838 2206 986 2300 ⁴glossam
1008 2219 1147 2298 statuat,
1183 2243 1224 2286 ne

142 2323 282 2408 speciem
304 2321 432 2406 quidem
455 2321 695 2406 probabilitatis
717 2320 825 2385 habet.
870 2319 999 2385 Victum
1021 2344 1097 2388 vero
1114 2345 1151 2388 ac
1174 2347 1226 2390 su-

76 2459 77 2464 *
142 2431 288 2514 paratam
311 2447 377 2490 esse
399 2425 615 2510 ignorantiam
637 2426 718 2490 recti
745 2428 778 2490 et
793 2426 961 2490 invidiam
983 2427 1103 2494 virtute
1126 2422 1248 2515 Agri-¹

143 2534 247 2613 colae,
283 2531 323 2596 ri,
347 2553 374 2596 e.
393 2532 440 2595 ita
463 2553 535 2595 eum
558 2530 758 2608 excelluisse,
796 2535 840 2594 ut,
866 2531 906 2597 ad
929 2532 1167 2611 observantiam
1191 2539 1225 2600 et

142 2639 307 2706 caritatem
329 2637 419 2721 quasi
444 2639 575 2719 cogeret
608 2637 787 2701 incuriosos
812 2639 845 2709 et
866 2636 993 2703 invidos
1015 2638 1133 2704 civium
1155 2641 1225 2705 ani·

140 2766 228 2810 mos«
253 2741 394 2827 (Hoegg.
419 2765 450 2826 p.
476 2742 514 2806 11
540 2742 611 2806 coll.
636 2765 666 2827 p.
695 2742 768 2825 15),
803 2763 842 2806 ex
875 2763 913 2806 eo
946 2742 1152 2809 manifestum
1175 2748 1225 2810 est

140 2851 226 2935 quod
247 2850 376 2914 mortuo
398 2868 435 2911 eo
461 2846 596 2932 »vulgus
608 2867 735 2930 quoque
761 2847 794 2909 et
815 2845 867 2910 hic
888 2846 975 2911 aliud
997 2868 1096 2932 agens
1119 2872 1223 2935 popu·

138 2956 190 3021 lus
213 2957 247 3020 et
267 2953 467 3019 ventitavere
490 2951 530 3016 ad
558 2951 688 3016 domum
716 2953 749 3014 et
777 2972 835 3036 per
860 2950 932 3015 fora
960 2972 997 3016 ac
1018 2949 1224 3021 circulos'lo·

140 3061 207 3127 cuti
228 3062 317 3139 suut,
349 3080 407 3124 nec
436 3057 606 3142 quisquam
628 3056 739 3121 audita
760 3059 864 3120 morte
887 3057 1057 3142 Agricolae
1079 3063 1136 3124 aut
1158 3062 1224 3128 lae-

139 3169 227 3232 tatus
249 3167 297 3230 est
319 3166 375 3228 aut
398 3165 510 3228 statim
533 3163 692 3243 oblitus«;
721 3183 820 3246 quare
844 3159 956 3226 Tacito
980 3185 1108 3248 sperare
1131 3166 1223 3233 licuit
1252 3159 1254 3162 ’

138 3271 209 3337 fore
232 3273 269 3334 ut
290 3270 483 3355 probaretur
505 3268 588 3332 liber
604 3289 689 3347 suus,
713 3289 777 3350 quo
801 3269 957 3350 quantum
980 3269 1021 3333 ad
1035 3267 1224 3354 Agricolam

137 3376 265 3444 incuria
286 3376 400 3440 aetatis
425 3374 520 3459 plane
543 3374 668 3438 devicta
686 3377 734 3436 est
746 3373 896 3456 illiusque
920 3368 1088 3438 sfelicitati
1112 3399 1223 3461 supre-

131 3494 209 3550 'mus
231 3479 384 3547 cumulus
399 3479 563 3544 accessit«.
619 3476 739 3553 Quodsi
760 3477 955 3560 interpretes
977 3478 1041 3541 toti
1059 3478 1098 3543 de
1120 3502 1223 3546 cnun-

88 3667 90 3671 Α
137 3590 219 3654 tiato
241 3587 298 3651 illo
321 3585 457 3650 relativo
481 3581 606 3673 Peerlk.
630 3583 809 3647 sententiae
840 3579 988 3645 accedere
1019 3585 1104 3648 recte
1134 3585 1223 3650 nole·
1249 3576 1252 3580 “

137 3694 227 3774 bant,
250 3692 282 3756 id
304 3694 414 3755 tamen
437 3689 609 3755 concedere
632 3688 661 3753 ei
690 3686 868 3765 debebant,
902 3687 939 3748 ut
967 3686 1222 3756 additamentum

135 3797 216 3862 illud
239 3797 388 3862 vitium
412 3832 451 3843 -
476 3815 684 3860 commuue
707 3794 772 3856 sive
796 3813 815 3854 a
835 3790 971 3855 ¹librario
994 3793 1133 3875 quodam
1156 3796 1222 3861 sive

136 3922 157 3966 a
178 3900 293 3967 Tacito
316 3901 399 3965 male
422 3922 489 3965 esse
512 3901 670 3964 insertum
693 3898 838 3962 dicerent
858 3897 1107 3982 probarentque.
1129 3935 1173 3948 —-

208 4050 255 4124 32)
275 4051 325 4107 »In
343 4053 513 4108 entnervteu
532 4050 687 4107 Zeitaltern
706 4047 782 4119 zeigt
800 4046 860 4102 sich
879 4047 924 4102 ein
937 4046 1087 4118 Unglaubc
1105 4067 1142 4105 an
1159 4054 1223 4120 gud·

134 4157 209 4198 ssere
228 4142 358 4197 Naturen
376 4141 434 4196 und
453 4141 501 4197 bei
520 4142 570 4196 der
589 4136 778 4208 Unfahiglreit
802 4136 861 4191 sich
886 4135 981 4208 gleich
1000 4137 1073 4193 hocb
1091 4157 1124 4193 zu
1143 4140 1223 4196 erhe-

134 4230 192 4287 bcn
210 4229 256 4288 die
277 4229 404 4303 niedrige
424 4231 593 4304 Bemdhung
611 4229 651 4287 sie
669 4228 758 4285 herab
776 4244 808 4282 zu
829 4224 952 4281 nicheus

946 4323 997 4392 24}
