2730 4650
658 326 699 392 59

133 496 211 566 sime
234 499 297 564 diei
320 502 520 566 vexatam.
566 499 680 585 Neque
702 501 812 565 tamen
834 520 907 564 cum
930 496 1155 583 Peerlkampio
1178 507 1220 562 ex‘

131 605 190 672 hac
211 606 299 670 vocis
322 606 389 670 eius
412 605 648 690 significatione
671 605 844 671 discrimen
866 605 1044 691 scripturae
1066 603 1148 669 mihi
1170 604 1218 669 iu·

131 711 301 776 dicendum
325 712 461 776 videtur.
517 710 602 776 Nam
638 711 802 795 provincia
824 709 1012 776 Britannica
1045 733 1117 775 cum
1148 712 1219 774 tota

131 817 338 882 rebellaverit
362 818 403 899 (c.
425 821 460 882 18
483 820 514 896 5,
538 817 611 880 coll.
636 837 661 880 o.
688 816 729 880 15
751 818 784 880 et
807 817 876 901 10),
910 818 1048 882 excitata
1068 838 1136 882 non
1158 816 1219 881 mi-

132 944 192 986 nus
228 926 303 1006 apte
337 945 435 1006 quam
467 926 582 987 vexata
617 922 773 1006 appellari
802 924 927 1007 potest,
963 926 1059 1006 atque
1093 921 1219 986 etiamsi

134 1026 263 1092 »oninia
286 1028 325 1091 ad
348 1028 509 1093 Romanos
533 1028 716 1113 pertinere«
741 1029 917 1108 concedas,
940 1030 1090 1094 tamena
1113 1026 1219 1092 Taciti

132 1134 359 1197 consuetudine
383 1135 514 1198 minime
529 1134 671 1198 alienum
694 1135 742 1197 est
764 1134 842 1198 duas
865 1134 1013 1199 notiones
1036 1133 1157 1198 similes
1179 1133 1219 1196 il·

130 1236 178 1301 las
210 1237 338 1322 quidem
372 1239 427 1303 sed
460 1261 477 1304 e
508 1239 632 1304 diversa
655 1239 817 1322 cogitandi
838 1239 964 1304 ratione
988 1239 1219 1322 intellegendas

131 1342 344 1426 coniungere,
368 1343 406 1408 de
429 1365 493 1426 qua
516 1364 550 1408 re
573 1344 695 1427 optime
718 1344 896 1429 disputavit
919 1343 1027 1429 Spitta
1050 1367 1081 1430 p.
1106 1343 1147 1408 80
1170 1365 1217 1428 sq.

132 1445 257 1512 Omisso
281 1449 383 1532 igitur
404 1447 465 1512 hoo
487 1451 680 1533 argumento
703 1451 922 1534 quaerendum
945 1452 997 1515 est
1016 1472 1093 1513 uum
1116 1449 1224 1514 altero

132 1553 217 1638 quod
232 1553 344 1616 attulit
358 1552 566 1617 Woelfflinus
588 1553 755 1618 diiudicari
772 1577 823 1619 res
838 1556 948 1638 possit.
996 1554 1055 1619 Cui
1077 1576 1143 1619 non
1154 1576 1219 1618 oes-

131 1658 207 1722 sisse
231 1657 431 1742 Draegerum
455 1680 553 1743 supra
575 1659 640 1724 iam
662 1661 927 1740 commemoravi3
961 1663 993 1724 et
1026 1681 1102 1724 sane
1133 1659 1219 1726 haud

131 1764 195 1827 scio
219 1784 260 1825 an
283 1763 336 1826 hic
358 1784 433 1826 usus
462 1763 551 1828 illius
573 1763 695 1828 Tacitei
718 1786 814 1849 quem
837 1763 1047 1830 Woelfflinus
1070 1764 1220 1828 observa·

130 1868 178 1931 vit
199 1868 420 1952 exceptionem
442 1891 563 1954 ponere
585 1869 681 1934 nobis
710 1869 819 1948 liceat,
854 1871 929 1956 quia
962 1873 1048 1935 reete
1081 1869 1218 1934 forsitan

130 1973 270 2036 conicias
293 1974 483 2057 scriptorem
505 1974 611 2038 studio
635 1996 699 2060 quo
723 1978 792 2039 erat
815 1976 980 2041 novandas
1002 1976 1152 2041 dictionis
1175 1977 1218 2061 (v.

26 2102 29 2107 ·
131 2077 309 2143 Woelfflin.
334 2079 354 2142 l.
379 2079 399 2143 l.
423 2103 454 2164 p.
470 2081 531 2144 100
554 2079 618 2165 sq.)
640 2080 675 2144 in
698 2080 904 2168 exprimenda
926 2082 1060 2146 notione
1082 2082 1219 2146 vexandi

129 2185 207 2249 trito
230 2184 279 2248 illi
303 2183 567 2271 exereitus⁸⁰)
588 2184 782 2249 intensivum
799 2185 936 2250 formam
959 2188 1220 2252 exercitatus

130 2289 280 2373 neglecto
313 2288 411 2352 etiam
442 2287 536 2354 huius
565 2310 661 2354 66666
683 2289 812 2375 vulgari
834 2292 1034 2376 praetulisse.
1080 2289 1168 2368 Quae
1191 2291 1218 2357 si

131 2393 182 2458 cui
206 2393 380 2458 incertiora
403 2394 570 2472 videntur,
602 2398 659 2460 aut
681 2395 744 2459 aliu
767 2396 912 2482 proferat
935 2398 1051 2481 quibus
1074 2398 1219 2462 codicum

130 2497 208 2562 fides
241 2502 395 2581 augeatur
428 2498 494 2562 sive
527 2500 709 2582 minuatur,
744 2504 801 2566 aut
835 2503 1022 2588 opinionem
1052 2525 1156 2567 mea-m
1178 2502 1218 2567 de

129 2625 292 2672 consensu
314 2605 530 2690 interpretum
554 2607 733 2672 confirmet.

215 2714 292 2779 6161
323 2713 495 2777 66661116
518 2732 544 2777 6.
569 2734 599 2797 q.
624 2735 648 2776 s.
707 2712 751 2778 Iis
784 2734 866 2796 quae
895 2712 934 2777 de
963 2713 1131 2777 enuntiato
1155 2712 1217 2777 hoc

128 2816 342 2901 vituperando
366 2815 611 2900 Peerlkampius
648 2817 797 2901 exposuit
829 2839 896 2881 non
926 2839 1058 2901 possum
1081 2840 1146 2882 non
1169 2840 1222 2882 asa

130 2921 252 2984 sentiri.
300 2918 368 2985 Nec
394 2941 470 2984 vero
493 2920 738 3005 interpolatoris
750 2919 788 3002 81)
811 2921 920 2986 statim
943 2922 1047 2987 sentio
1070 2944 1219 2999 manum3

128 3060 230 3117 fertur:
260 3061 371 3126 etl,
392 3062 424 3126 3,
452 3060 517 3126 81,
537 3061 566 3128 2,
586 3061 604 3116 0
624 3064 649 3127 6,
669 3060 752 3128 7,10
773 3062 804 3127 2,
824 3063 856 3128 6,
876 3061 906 3117 17
928 3061 1004 3128 1,18
1026 3063 1091 3129 1,5
1120 3062 1220 3133 (161166

128 3151 212 3221 Brit.)
231 3151 265 3207 cl
284 3152 309 3217 2,
328 3151 365 3204 30
385 3152 414 3217 4;
434 3150 578 3222 plerisque
593 3169 660 3208 sane
678 3152 748 3208 loeis
766 3153 857 3208 totam
875 3152 997 3208 insulam
1016 3153 1170 3224 signifieat:
1194 3170 1218 3208 c.

128 3241 164 3296 10
188 3243 212 3306 1,
232 3243 257 3307 2,
276 3243 302 3307 3,
322 3242 347 3306 4,
366 3239 396 3296 11
416 3242 440 3306 1,
459 3243 512 3296 oet.
549 3241 668 3298 Perinde
685 3242 835 3297 Britanni
852 3242 1041 3315 intellegendi
1058 3245 1125 3299 sunt
1143 3244 1219 3300 ineo·

129 3332 175 3397 lae
193 3332 240 3386 vel
258 3332 347 3386 totius
367 3331 491 3386 insulae:
510 3329 538 3384 11
559 3330 637 3393 5bis.
655 3331 725 3398 212,
744 3331 784 3386 04
804 3332 828 3397 1,
848 3333 878 3397 2;
897 3332 944 3386 vel
955 3332 1045 3403 partis
1059 3333 1217 3395 subiectae:

127 3421 160 3478 13
181 3421 205 3487 1,
224 3420 257 3477 15
276 3421 301 3486 -1,
320 3422 345 3486 3,
366 3423 391 3486 6,
411 3420 449 3475 28
470 3421 496 3485 3,
516 3420 553 3475 29
573 3422 599 3488 2,
618 3420 656 3475 32
677 3422 702 3487 2,
722 3423 751 3487 5;
771 3422 818 3477 vel
836 3437 892 3477 non
910 3421 1066 3478 subiectae:
1085 3440 1109 3479 6.
1128 3423 1165 3479 25
1186 3424 1223 3505 3,ε

126 3511 164 3568 20
184 3513 200 3566 3
219 3513 272 3567 661.

198 3601 243 3671 80)
263 3600 342 3667 Quod
360 3617 395 3656 66
414 3600 508 3672 ipsum
526 3600 642 3670 quidem
659 3601 766 3657 usitata
783 3600 989 3674 significatione
1009 3619 1113 3673 ponere
1132 3603 1213 3658 Taci-

126 3688 188 3742 tum
213 3690 301 3745 solere
326 3692 392 3760 post
410 3689 622 3746 Boetticherum
648 3689 764 3759 (16616
782 3691 821 3761 r.)
841 3689 1040 3764 Nipperdeyus
1064 3693 1101 3749 ad
1125 3694 1212 3750 annul

127 3777 145 3831 8
165 3779 199 3833 67
219 3777 279 3847 (cfr.
299 3780 439 3834 Heraeum
458 3780 495 3835 ad
513 3780 580 3836 hist.
599 3781 620 3836 4
639 3781 667 3851 4)
689 3780 902 3836 demonstravit.

198 3867 243 3938 81)
263 3867 392 3924 Videnda
411 3886 484 3937 quae
504 3869 538 3927 de
557 3869 733 3940 longioribus
752 3870 851 3943 glossis
870 3889 940 3940 quas
958 3872 1039 3928 libris
1055 3873 1149 3930 Taciti
1165 3875 1218 3930 im·

125 3958 292 4029 putaverint
318 3976 336 4012 a
354 3959 518 4014 Woelfflino
537 3959 639 4014 Philol.
658 3962 714 4016 vol.
734 3961 768 4014 20
797 3978 863 4031 pag.
882 3962 1003 4018 maxime
1032 3965 1082 4018 105
1110 3966 1140 4019 61
1166 3967 1218 4021 106

125 4050 280 4121 prudenter
298 4049 428 4119 exposita
446 4050 520 4111 6661,
539 4065 632 4117 neque
651 4050 840 4105 omittendum
858 4069 922 4107 eum
940 4053 996 4108 toti
1014 4055 1165 4111 verborum
1183 4056 1218 4113 il·

125 4140 217 4196 lorum
235 4139 342 4194 formae
360 4139 442 4211 pravi
465 4138 539 4194 nihil
564 4137 655 4194 inesse
674 4139 735 4209 (cfr.
755 4139 843 4196 etiam
861 4143 1020 4214 temporum
1039 4144 1218 4214 aptissimum

124 4248 218 4284 usum:
239 4230 492 4301 agebantur-
512 4228 639 4300 cessit)
660 4231 723 4285 tum
746 4229 820 4286 illud
844 4232 973 4296 cedere
998 4233 1216 4313 1616661661616

123 4321 254 4379 anostra
272 4319 405 4395 usurpari
423 4318 461 4390 (r.
480 4318 622 4377 Boettioh.
640 4319 660 4378 i.
676 4321 727 4395 6.).
