2730 4650
647 305 689 370 55

122 501 218 567 quam
241 480 327 546 enim
351 477 486 545 Wexius
514 481 547 544 et
569 479 755 545 Doederlini
785 481 819 544 et
840 477 873 546 (l.
897 477 932 544 F.
956 477 1137 544 Hermanni
1159 476 1210 543 in·

122 589 265 671 terpreta
247 587 373 651 ationes
405 587 552 650 nitentes
573 607 625 649 eas
655 586 689 649 in
720 585 826 670 ellipsi
850 587 923 670 post
946 588 1122 651 vertunt
1145 586 1210 648 sa-t

122 693 242 758 tuenda
264 695 350 756 recte
374 692 545 770 reiecerat,
580 694 689 755 tamen
712 691 777 756 Rot
763 691 889 755 thius
880 714 914 754 ιιι
943 696 1063 754 anneta
1030 690 1208 756 tationibus

123 819 275 862 converso
301 797 511 882 ›Agricolae‹
536 797 695 861 adiunctis
718 820 749 882 p
775 797 901 860 lec-7
926 796 1037 861 similit
1024 795 1166 860 tudine
1156 818 1209 859 ιιι-

121 905 172 968 ter
193 903 342 967 lasciviae
375 906 408 967 et
436 903 586 967 licentiae
615 904 765 967 notiones
785 903 1005 966 intercedente
1029 904 1208 966 commotus

121 1008 156 1073 in
178 1008 329 1093 opinione
350 1007 534 1072 ¹Hermanni
563 1005 800 1092 persistendum
823 1029 890 1071 esse
912 1006 1055 1093 illudque
1078 1006 1208 1071 licen·

14 1108 32 1135 ³
121 1115 182 1177 ter
205 1113 243 1177 ad
268 1114 463 1178 militiam
485 1114 525 1177 in
548 1113 768 1177 lasciviam
791 1114 979 1190 vertunt,
1011 1113 1207 1196 segniter

121 1218 161 1282 ad
184 1218 421 1303 voluptates
444 1220 483 1282 et
505 1221 752 1283 commeatus
775 1240 821 1304 sq.
844 1217 1006 1302 pertinere
1030 1216 1207 1282 arbitratus

121 1326 186 1405 est;
217 1345 236 1387 a
258 1345 322 1408 qua
344 1325 505 1388 sententia
526 1324 561 1388 in
583 1325 792 1388 conversione
815 1324 1000 1407 germanica
1022 1323 1067 1386 ita
1091 1323 1206 1387 disces·

121 1428 163 1492 sit
185 1430 221 1492 ut
244 1450 338 1493 sensu
359 1432 485 1492 servato
508 1429 693 1493 adverbium
716 1429 894 1494 licenter
921 1451 989 1493 non
1012 1451 1085 1493 curn
1106 1427 1205 1492 verbo

121 1534 261 1620 quodam
283 1538 390 1598 mente
414 1535 558 1598 addendo
581 1534 635 1598 sed
658 1555 731 1598 oum
752 1534 809 1599 illo
840 1535 904 1599 tit.
928 1535 1021 1601 trib.
1046 1537 1085 1599 et
1104 1535 1205 1598 inse.

120 1639 299 1704 rettulit
322 1660 379 1724 per
402 1661 533 1722 zeugma
556 1640 777 1724 coniungeret.
834 1638 956 1704 Eodem
982 1639 1078 1724 plane
1110 1640 1205 1703 modo

122 1746 226 1810 verbis
247 1747 374 1808 tantum
401 1745 617 1808 ornatioribus
634 1743 832 1828 Wiegandus
854 1745 892 1810 de
916 1746 1078 1810 structura
1100 1766 1205 1810 enun-

119 1850 265 1916 tiationis
288 1847 485 1935 expon1t⁷³l
510 1850 573 1914 nisi
597 1850 683 1934 quod
705 1872 742 1914 ea
765 1872 846 1934 quae
870 1853 946 1916 sunt
968 1872 1075 1915 more
1097 1850 1206 1914 iuve-

120 1977 211 2019 num
234 1977 281 2042 sq.
305 1956 450 2020 dstote
484 1956 656 2020 verborum
690 1957 850 2020 ambit'u
841 1960 891 2021 rnt
878 1957 990 2041 tellegi
1017 1957 1095 2021 vult.
1142 1954 1205 2019 Sed

119 2060 265 2125 addendo
297 2060 395 2125 verbo
429 2061 511 2144 egit
537 2062 679 2126 alterove
701 2061 927 2127 militiam'
918 2083 960 2125 ιιι
983 2060 1204 2125 lasciviam

118 2167 256 2233 vertit
279 2166 483 2230 enuntiatum
510 2166 591 2230 illud
614 2164 648 2230 in
672 2166 750 2230 duas
773 2169 882 2250 partes
905 2166 1112 2232 dividendum
1137 2185 1204 2229 esse

118 2271 183 2335 ianr
217 2273 389 2357 propterea
421 2271 593 2336 verisimile
626 2293 692 2335 non
715 2275 780 2349 eet,
814 2272 899 2357 quod
922 2272 1101 2335 sententiae
1124 2270 1203 2335 duae

119 2377 301 2463 complures
313 2376 434 2440 similes
457 2377 607 2441 notiones
630 2378 834 2443 continerent
855 2399 972 2465 easque
995 2377 1106 2464 inepte
1119 2398 1205 2440 com-

118 2482 250 2571 positae.
296 2480 381 2548 Nam
409 2482 642 2566 generaliorem
672 2485 838 2549 notionem
867 2482 1032 2572 (militiam
1054 2483 1088 2548 in
1110 2481 1205 2546 lasci·

116 2588 202 2654 viam
225 2587 362 2673 versam)
396 2587 582 2674 exciperent
616 2590 820 2676 specialiores
849 2590 928 2655 duae
951 2588 1148 2676 (voluptates
1172 2590 1204 2653 et

118 2693 327 2780 commeatus)
350 2695 439 2779 ipsae
462 2694 582 2759 relatae
605 2717 714 2762 rursus
739 2697 779 2759 ad
803 2695 883 2760 alias
917 2696 1085 2781 quasdam,
1120 2714 1203 2779 quae

51 2846 55 2853 -
117 2821 190 2865 cum
212 2801 252 2865 ad
275 2802 378 2864 totam
400 2800 490 2865 illam
511 2801 653 2884 priorem
677 2802 869 2884 spectarent,
894 2802 1066 2866 verboram
1090 2802 1202 2865 ordine

116 2927 188 2971 cum
224 2904 457 2988 posterioribus
490 2904 585 2968 modo
618 2907 841 2990 iungerentur.
898 2904 975 2970 Non
997 2907 1101 2990 magis
1122 2905 1203 2970 illud

118 3008 367 3076 constructionis
400 3009 628 3093 grammaticae
662 3032 765 3094 genus
787 3010 998 3096 comprobare
1020 3011 1095 3075 licet
1117 3010 1204 3096 quod

116 3116 150 3182 in
174 3114 328 3180 vertendo
352 3116 594 3197 proposuerunt
616 3113 757 3180 Rothius
780 3119 813 3179 et
834 3114 1038 3201 Wiegandus
1060 3118 1204 3181 statuen-

115 3224 164 3287 tes
199 3219 282 3286 elter
315 3219 496 3285 rettulit
529 3241 586 3307 pro
609 3221 740 3304 gessit
766 3221 849 3286 alter
871 3221 1049 3290 licenter
1072 3243 1131 3311 pro
1154 3222 1201 3292 ad

71 3536 76 3543 -
188 3501 235 3573 73)
253 3498 398 3572 Explicat:
420 3497 535 3568 »Neque
553 3497 603 3554 ills
623 3499 686 3556 erat
701 3498 734 3565 is,
753 3499 923 3572 quimorem
940 3501 1140 3575 plerorumque
1158 3503 1202 3561 iu·

117 3608 218 3648 venum
236 3588 438 3661 (tribunorum)
456 3590 634 3660 sequeretur,
653 3589 702 3658 qui
721 3592 772 3645 aut
790 3590 943 3649 licenter
959 3591 1095 3650 militiam
1113 3593 1144 3650 in
1160 3595 1201 3651 la·

115 3682 232 3739 sciviam
250 3681 378 3745 vertunt,
406 3680 457 3736 aut
478 3678 603 3750 segniter
624 3679 741 3736 titulum
765 3681 928 3740 tribunatus
953 3685 983 3740 et
1002 3683 1146 3742 inscitiam
1165 3683 1202 3740 ad

103 3772 169 3829 'vol
188 3772 217 3826 et
236 3787 335 3825 comm.
353 3769 512 3834 referunt«;
542 3769 696 3825 convertit:
736 3770 817 3827 »Und
841 3772 908 3844 Agr
927 3773 1059 3830 batracht
1046 3776 1105 3830 tete
1128 3775 1202 3831 auch

114 3863 195 3918 nicht
212 3860 287 3916 nach
312 3859 362 3914 der
380 3858 598 3930 Gswohnheitj
586 3879 690 3932 Junger
708 3863 813 3930 Herm,
844 3864 950 3920 welche
978 3865 1034 3921 den
1063 3866 1153 3937 (ernst
1154 3868 1201 3938 en)

113 3951 311 4023 Kriegsdienst
329 3968 362 4003 au
382 3948 473 4003 einem
492 3949 570 4020 Spiel
589 3951 647 4005 und
666 3952 763 4024 Unlug
780 3955 913 4016 macheu.
932 3955 992 4011 sein
1011 3955 1202 4011 officiare-Pa·

113 4045 177 4102 tent
200 4041 260 4097 und
286 4039 363 4096 scine
387 4038 459 4094 noch
473 4039 657 4110 jugendliehe
676 4043 886 4101 Unwissenheit
901 4046 944 4101 als
962 4045 1045 4101 einen
1063 4045 1206 4101 Freibrief

113 4151 148 4189 aa
165 4130 313 4189 allerhand
331 4127 551 4199 fibermfithigen
571 4129 837 4204 Ungezogenheiten
854 4135 1011 4208 (licenter),
1035 4137 1108 4191 noch
1128 4136 1201 4191 auch

114 4223 187 4281 nach
203 4223 257 4277 Are
270 4218 691 4293 jugendlicherVergniiglinge
709 4222 814 4296 (segnit
815 4226 857 4298 er)
875 4244 909 4282 zu
927 4225 1086 4283 sinnllchen
1096 4226 1202 4282 Lusten

113 4312 173 4370 und
183 4308 432 4368 ‘Urlaubsrersen
