2730 4650
654 293 697 376 45

131 465 357 562 scribendique
387 475 464 562 plus,
490 491 588 558 quam
613 473 726 539 rudem
747 472 911 539 inscitiam
933 472 1052 540 Tacito
1069 473 1216 540 tribuen-

131 583 198 647 tem
220 581 304 647 nihil
325 600 455 668 prorsus
478 579 652 667 explicasse
675 577 868 644 contendere
889 579 1001 659 liceat,
1024 574 1065 644 ne
1088 577 1216 645 Urlieh.

132 686 197 753 sius
219 688 359 772 quidem,
383 686 529 772 quamvis
543 707 669 751 »rerum
685 683 835 750 notitiam
857 685 898 750 ad
919 685 1091 750 verborum
1113 683 1215 752 inter-

132 795 346 879 pretationem
370 793 551 871 attulerit«,
587 791 747 878 persuasit
778 789 857 855 mihi
891 812 961 856 eam
990 813 1087 876 quam
1109 791 1216 857 verbis

132 897 198 964 illis
219 898 323 965 inesse
357 900 485 964 censeat
516 898 710 962 sententiam
736 899 830 982 »apte
853 895 971 961 dictam
993 899 1028 962 et
1048 897 1241 984 perspicuor

135 1004 332 1089 expositam«
357 1025 441 1082 esse;
465 1023 525 1070 nec
547 1003 633 1068 enim
654 1023 767 1069 vocem
788 1001 978 1084 nobilitatis,
1001 1006 1039 1067 ut
1061 1024 1155 1090 saepe
1179 1005 1218 1071 fit

135 1107 171 1173 in
192 1110 320 1175 nomine
343 1110 491 1188 honoris,
519 1109 728 1193 magistratus
750 1109 916 1173 notionem
937 1108 1104 1176 adsumere
1125 1131 1218 1195 posse

111 1247 112 1250 ¹
135 1216 225 1300 puto,
248 1218 314 1298 aut,
338 1216 366 1281 si
387 1217 496 1303 posset
517 1216 692 1299 nostroque
714 1214 785 1279 loco
808 1235 846 1280 ea
868 1213 1104 1300 significatione
1126 1238 1219 1282 usur·

135 1323 285 1406 paretur,
321 1322 494 1408 praecipua
516 1320 607 1386 notio
629 1319 717 1384 illius
741 1320 921 1386 sententiae
943 1319 1035 1406 (illud
1057 1341 1138 1386 non
1162 1321 1219 1386 ul·

135 1427 216 1510 tra)
241 1426 359 1492 omissa
382 1428 473 1505 esset,
497 1426 582 1512 quod
605 1427 642 1490 ut
664 1427 777 1510 aptum
801 1427 833 1490 et
855 1425 1058 1512 perspicuum
1081 1448 1148 1493 esse
1170 1415 1218 1493 dil

135 1549 206 1595 earn
239 1533 367 1595 tantum
401 1531 494 1596 abest
525 1532 563 1594 ut
594 1552 635 1594 ne
665 1529 761 1595 licere
792 1529 923 1614 quidem
944 1551 1002 1616 per
1023 1531 1112 1618 leges
1132 1534 1219 1598 recte

134 1636 296 1703 scribendi
318 1636 454 1702 credam.
499 1637 613 1722 ltaque
626 1635 1007 1720 Peerlkampiaudaciam
1029 1640 1219 1723 aspernatus

136 1732 357 1806 Sch‘oemanno
387 1763 451 1827 qua
481 1744 608 1826 praeter
637 1743 760 1806 ceteros
782 1742 916 1805 ornatus
938 1744 987 1807 est
1010 1744 1148 1808 »notitia
1169 1765 1220 1810 re·

136 1867 228 1911 rum«
253 1845 351 1912 Wexi
372 1846 590 1911 dubitationes
611 1844 788 1933 tollenti⁶⁹)
811 1846 986 1925 assentior,
1008 1848 1098 1912 cuius
1119 1848 1220 1914 inter·

136 1951 319 2036 pretatione
352 1973 372 2015 a
400 1951 485 2016 iusta
519 1949 769 2036 reprehensione
803 1953 840 2015 ut
869 1951 949 2016 mihi
972 1952 1098 2018 videtur
1120 1952 1240 2039 plane-

135 2055 238 2121 libcra
260 2078 327 2122 non
352 2055 458 2123 habeo·
477 2057 661 2132 meliorem
685 2055 814 2140 qualem
836 2055 863 2121 si
885 2057 967 2121 alius
989 2057 1061 2142 quis
1083 2057 1219 2144 posthac

136 2161 354 2247 proposuerit,
390 2164 576 2247 pergratum
598 2160 680 2226 mihi
701 2159 824 2225 fecerit.

222 2272 334 2348 pater
359 2269 426 2333 illi
449 2271 579 2332 Iulius
600 2268 820 2332 Graecinus.
865 2264 1055 2333 Rectissime
1078 2268 1221 2355 Dracge·

137 2389 192 2434 rus
214 2361 397 2437 Froehlichi
418 2374 457 2452 et¹
472 2372 592 2438 Ritteri
621 2371 814 2437 coniecturis
846 2370 923 2436 fuit
951 2377 985 2438 et
1017 2373 1098 2439 eius
1131 2397 1223 2461 prae-

137 2475 214 2539 tulit
235 2477 490 2543 emendationem
513 2474 712 2556 Woelfflini,
735 2477 790 2561 qui
811 2476 898 2563 quod
920 2476 1069 2544 omnibus
1091 2501 1223 2565 promp-

139 2580 209 2644 tum
243 2583 338 2666 atque
370 2584 519 2668 apertum
549 2604 609 2649 nec
640 2581 790 2666 cuiquam
823 2585 933 2648 tamen
964 2584 1221 2651 animadversum

138 2681 244 2750 fuerat
266 2687 404 2772 protulit
430 2687 553 2774 primam
580 2687 808 2773 prolatumque
837 2687 948 2752 multis
970 2688 1124 2775 exemplis
1146 2710 1222 2754 con-

139 2789 281 2857 firmauit
314 2792 446 2880 (Philol.
472 2793 533 2859 vol.
556 2797 610 2872 26,
633 2816 664 2880 p.
691 2793 776 2877 140).
797 2827 842 2840 -
874 2791 922 2858 Ea
955 2816 1037 2879 quae
1068 2801 1221 2860 secuntur

138 2894 278 2979 iisque
300 2897 404 2982 ipsis
426 2897 661 2964 virtutibus
691 2896 893 2963 addubitavit
915 2895 1218 2984 Peerlkampiusu).

138 2997 183 3065 llt
204 2999 313 3066 hercle
335 3000 507 3087 quominus
528 3003 760 3070 virtutibus
783 3001 863 3067 illud
874 3006 912 3067 ut
922 3001 1067 3069 deleatur
1077 3004 1222 3089 poscenti

21 3122 22 3128 ¹
139 3100 169 3169 ei
191 3105 378 3200 accedamus
398 3129 458 3174 nec
479 3108 643 3174 silentium
664 3107 770 3174 Kritai
792 3130 853 3175 nec
874 3107 977 3174 Rothi
996 3107 1222 3193 interpretatio

138 3202 253 3275 idonea
276 3213 325 3277 est
356 3233 439 3297 quae
473 3235 533 3279 nos
554 3213 738 3299 prohibeat.
794 3210 885 3278 Nam
902 3197 1001 3280 verbs
1021 3211 1079 3277 illa
1101 3210 1224 3276 nostris

139 3312 262 3381 >durch
285 3316 371 3382 scine
395 3315 610 3403 'lichtigkeit
632 3318 714 3384 eben
736 3318 850 3385 carim
873 3339 941 3383 non
963 3319 1111 3384 accurato
1133 3315 1223 3381 reddi
1260 3354 1271 3371 ο
1347 3312 1351 3321 “

137 3424 274 3507 apparet
295 3441 399 3506 neque
421 3423 535 3509 negari
557 3425 666 3524 potest
687 3445 744 3488 suo
769 3424 838 3489 iure
861 3423 1026 3508 scripsisse
1038 3420 1222 3489 Peerlkam-

137 3529 228 3613 pium
252 3526 425 3593 »Studium
448 3527 652 3614 eloquentiae
670 3571 936 3594 .........
958 3526 1073 3593 referri
1093 3529 1221 3597 debet«.

211 3749 257 3821 59)
275 3746 420 3819 Equestris
441 3749 567 3805 ›cetera‹
587 3747 725 3805 nobilitas
735 3749 971 3807 commemoratur
988 3749 1117 3807 aTacito
1135 3751 1224 3808 etiarn

137 3840 261 3898 anhalt
281 3841 328 3894 15:
351 3838 500 3894 Calibus
519 3840 621 3894 ortus
642 3837 795 3909 [Vinicius]
815 3839 920 3909 patre
938 3840 1048 3909 atque
1065 3857 1130 3897 aro
1148 3857 1223 3897 con·

138 3929 329 3987 sularibus
348 3929 473 3984 cetera
492 3927 654 3998 equestri
671 3926 817 3983 familia
833 3931 920 3984 erat.

210 4020 256 4090 60)
275 4017 390 4073 Walchi
407 4016 594 4088 suspicionem
613 4018 686 4073 nihil
704 4016 811 4075 attinet
828 4018 1014 4089 redarguere,
1033 4018 1169 4087 quoniam
1187 4036 1222 4075 nc

137 4109 199 4181 ipse
219 4108 335 4179 quidem
353 4107 523 4163 uocabulum
540 4107 627 4178 ipsis
648 4127 711 4164 »sex
729 4120 789 4164 non'
805 4108 899 4163 dubiis
916 4106 1093 4179 glossematis
1107 4107 1224 4179 Agrico·

135 4197 197 4254 lae«
218 4197 255 4267 (v.
266 4215 294 4268 p.
306 4196 368 4266 126)
387 4194 571 4252 adnumerare
590 4215 673 4253 ausus
692 4199 736 4254 est
758 4197 797 4270 (p.
811 4197 882 4268 156).
919 4195 1223 4252 cananaeorum

138 4286 230 4342 Kritui
248 4287 285 4343 ad
303 4301 400 4343 rocem
419 4284 570 4342 meritus
588 4287 744 4345 annotatio.
