2730 4650
669 259 708 326 15

136 454 171 500 se
193 433 264 518 ispa
284 451 362 496 cum
383 429 647 496 antecedentibus
668 430 851 509 sententiis,
883 450 965 514 quae
994 432 1036 498 ad
1064 433 1147 498 ritas
1169 431 1221 498 hi-

136 537 253 603 storico
275 554 393 620 genere
416 534 554 618 scriptas
576 532 746 599 manifesto
758 534 934 618 pertinent,
957 535 1082 600 conecti
1105 536 1219 621 possit.

135 678 178 689 —
200 640 308 724 Atque
330 659 388 704 our
409 638 551 703 noluisse
573 641 751 703 statuamus
783 638 1221 726 »laudatoremeloquentis-

134 745 270 810 simum<
293 742 400 808 missis
421 742 611 827 ambagibus
640 742 784 808 indicare
805 743 992 823 consilium,
1028 742 1221 829 quo'deola-

134 852 206 916 rato
228 848 408 933 legentium
435 847 560 911 animos
589 851 675 912 certe
706 847 888 912 adlecturus
908 847 1030 914 fuerit?
1074 846 1123 914 De
1145 849 1222 914 reli-

135 954 209 1037 quis
230 953 260 1017 si
281 973 362 1036 quae
384 951 598 1023 abUrlichsio
620 952 767 1036 exposita
788 955 865 1017 sunt
886 953 1013 1038 legerit,
1036 975 1129 1019 nemo
1143 955 1220 1032 iam,

137 1058 229 1142 puto,
252 1055 386 1140 negabit
408 1077 500 1141 posse
524 1055 654 1140 quidem
665 1055 814 1121 Tacitum
834 1057 870 1121 in
892 1057 1113 1144 scribendum)
1136 1058 1220 1123 libro

138 1160 255 1225 honori
276 1160 379 1226 soceri
400 1156 562 1224 destinato
584 1180 658 1225 cum
680 1160 744 1225 alia
766 1163 836 1226 tum
858 1161 939 1226 illud
962 1162 1120 1246 cogitasse
1143 1184 1221 1249 ope·

136 1283 206 1328 ram
225 1284 318 1329 suam
338 1262 536 1328 laudationis
557 1261 719 1342 funebris,
749 1287 847 1349 quam
869 1263 988 1331 habere
1008 1266 1070 1330 sibi
1092 1266 1222 1330 nonli-

138 1367 252 1447 ouerit‚
274 1367 344 1433 vioe
365 1365 548 1432 iuncturam
570 1388 649 1446 esso,
672 1368 727 1433 sed
742 1390 946 1455 nequaquam
969 1370 1169 1455 propositum
1192 1372 1223 1436 ei

139 1471 240 1539 fuisse
261 1474 299 1538 ut
320 1471 356 1536 in
377 1469 514 1537 sormam
534 1471 732 1538 laudationis
754 1494 825 1538 eam
847 1469 1016 1564 redigeret.
1043 1516 1082 1527 -

533 1681 842 1700 ....—.......‚...

586 1943 672 2048 Gap
703 1945 782 2028 tI.

225 2171 266 2239 In
299 2175 449 2255 prooemio
475 2170 702 2238 constituendo
736 2168 981 2254 Peerlkampius
1010 2191 1083 2235 cum
1113 2172 1222 2237 omnia

145 2277 206 2355 2²11
227 2277 369 2342 studium
390 2277 570 2362 grauitatis,
591 2275 729 2354 ordinis,
760 2273 941 2360 elegantiae
963 2273 1137 2360 diligenter
1158 2279 1224 2346 exi·

141 2384 265 2468 geres«,
278 2380 358 2446 ‘fieri
380 2402 448 2446 non
468 2381 578 2467 potuit
598 2380 680 2466 quin
700 2381 820 2445 iniuste
831 2380 991 2464 permulta
1013 2383 1222 2466 suspectaret.
1341 2432 1345 2438 .

141 2484 192 2563 Ac
215 2485 356 2570 primum
376 2484 505 2569 quidem
527 2485 615 2570 quod
635 2478 996 2568 verba'antiquitus
1012 2486 1224 2556 ,usitatum

137 2589 278 2669 ⁸delenda
296 2590 433 2674 putarit,
457 2591 555 2675 »quia
577 2590 702 2675 antiqu.
724 2612 792 2656 non
812 2591 908 2656 modo
931 2590 1059 2668 usitat,
1082 2591 1138 2657 sed
1158 2591 1224 2656 fre·

142 2696 351 2780 quentissima
368 2695 444 2760 usit.
464 2694 800 2780 moxipseaffirmat«,
822 2694 983 2779 duplicem
1004 2695 1137 2760 adverbi
1158 2718 1225 2761 an·

140 2801 328 2886 tiquitus
349 2800 415 2866 vim
437 2801 590 2885 neglexit,
614 2801 699 2884 quod
720 2812 787 2865 n'on
808 2801 911 2865 solum
934 2801 1077 2884 antiquis
1097 2803 1224 2886 tempo-
1287 2864 1292 2873 ,

142 2907 232 2972 ribus
255 2907 325 2993 (vor
344 2906 452 2990 alters)
472 2905 527 2971 sed
550 2927 704 2990 persaepe
726 2906 824 2970 etiam
842 2908 914 2970 iude
936 2909 974 2968 ab
995 2907 1128 2986 antiquis
1149 2912 1224 2971 tem·

141 3013 262 3093 porrbus
290 3009 370 3096 (yon
391 3009 491 3074 alters
518 3008 589 3096 her)
623 3009 803 3094 significare
840 3009 976 3094 quodvis
1007 3009 1134 3074 lexicon
1164 3031 1224 3075 nos

142 3113 252 3196 docet3
273 3114 331 3180 illa
353 3117 462 3183 autem
484 3114 721 3199 significatione
742 3113 907 3180 intellecta
927 3113 1026 3179 verba
1047 3114 1225 3181 rectissime

143 3241 177 3284 se
198 3219 331 3305 habent.
375 3217 461 3284 Nam
482 3219 578 3284 alteri
599 3218 686 3303 quod
708 3219 823 3284 afferat
844 3222 1034 3303 argumento
1050 3218 1130 3284 mihi
1152 3220 1225 3305 qui-

144 3323 217 3390 dam
237 3326 276 3388 ut
296 3323 517 3408 obtemperem
537 3344 605 3388 non
627 3325 786 3408 persuasit
807 3323 918 3403 aa,
941 3323 998 3408 qui
1018 3323 1054 3388 in
1075 3324 1224 3410 longiore

143 3449 200 3494 sua
221 3427 439 3513 disputatione
460 3428 568 3522 neqoio
590 3450 646 3495 cur
668 3428 831 3495 Ciceronis
853 3428 910 3493 illa
932 3427 1021 3493 Orat.
1034 3428 1086 3508 56,
1110 3429 1172 3495 189
1183 3428 1223 3514 ²⁷)

141 3531 223 3599 nihil
245 3531 420 3600 curaverit:
454 3553 583 3598 »versus
614 3554 710 3618 saepe
731 3533 767 3598 in
789 3532 934 3599 oratione
957 3578 1221 3600 .........

214 3753 262 3825 26)
281 3751 362 3818 Quod
388 3751 500 3822 tempus
533 3753 610 3808 certe
645 3751 762 3807 tandm
791 3748 1012 3821 circumscripsit
1036 3749 1225 3806 Mommsenus

144 3840 251 3912 (Herm.
260 3839 310 3894 III.
322 3841 373 3896 loo
392 3858 456 3896 ann.
475 3841 501 3906 4,
520 3840 555 3896 cf.
565 3839 678 3896 Urlichs
696 3859 723 3912 p.
734 3841 771 3912 7),
790 3840 869 3896 cuiu
879 3858 943 3895 cum
952 3839 1095 3896 sententia
1110 3842 1225 3911 praeter

143 3929 264 3987 aliorum
282 3929 444 4000 opinionem
461 3930 550 3986 animi
568 3947 652 3987 causa
670 3930 861 3986 coniecturam
869 3930 936 3986 Jani
945 3928 1018 3986 Pani
1034 3927 1121 4000 (apud
1130 3929 1224 3986 Peerl-

142 4021 239 4092 kamp.
257 4038 285 4091 p.
304 4020 368 4089 202)
386 4020 549 4077 contendas.

147 4132 151 4137 ·
214 4111 262 4182 27)
280 4110 346 4167 vid.
363 4109 502 4180 Nipperd.
521 4108 558 4165 ad
576 4108 674 4165 ann.l
696 4109 726 4174 1,
757 4108 804 4164 oui
823 4109 897 4164 male
916 4106 1032 4177 obloqui
1049 4107 1223 4176 nreegerum

139 4199 178 4272 (ἕ.
196 4199 261 4273 255)
278 4198 485 4258 demonstravit
502 4197 681 4255 Woelfllinus
699 4196 802 4253 Philol.
818 4197 918 4263 XXVI,
939 4195 1054 4252 128-9.
1127 4188 1149 4215 ’”
