2730 4650
650 260 706 329 31,

130 434 292 527 subiectus
314 436 388 525 est..
419 432 573 499 Attamen
602 433 786 517 temporum
816 431 998 496 nostrorum
1024 430 1212 498 memorium

131 543 364 629 compositurus
387 545 471 623 (sum
494 538 541 622 et)
564 537 695 602 interim
719 536 819 602 vitam
832 533 1002 620 Agricolae
1026 537 1126 602 soceri
1147 537 1211 602 mei

130 647 314 737 descripsi<
375 646 414 726 ln
439 665 503 728 qua
525 643 724 729 expositione
747 642 924 728 qnissnegat
946 642 1211 727 acquiescendum

128 775 210 842 esse,
245 753 412 851 meliorem
437 739 582 835 proferre
604 771 645 814 ne
667 748 846 813 cunctetur.

562 1045 697 1147 caput
722 1041 781 1126 ΙΙ.

156 1305 161 1317 ·
214 1276 400 1355 Legimus
421 1272 460 1336 ed
474 1274 547 1337 aeta
569 1271 840 1355 diurnaspectare
863 1290 949 1334 nuno
971 1267 1036 1334 fere
1059 1267 1211 1355 omnes⁴⁴l

127 1376 323 1462 interpretes
344 1377 465 1459 dieunt,
489 1379 589 1462 negat
605 1374 857 1460 Peerlkampius.
903 1371 965 1450 Qui
989 1395 1060 1438 cum
1084 1395 1214 1458 compa·

128 1483 208 1548 ratis
241 1482 441 1568 temporibus
462 1481 653 1567 Robespieri
685 1482 782 1565 atque
815 1479 996 1545 »Monitore
1019 1476 1213 1566 Franco‹⁴⁶)

128 1585 284 1651 affirmet:
310 1585 403 1652 ›Jarn
425 1570 485 1666 nec
508 1586 672 1651 Romanus
694 1607 754 1649 nec
776 1584 921 1649 Francus
944 1585 1125 1663 historicus,
1149 1584 1213 1649 nisi

127 1693 216 1757 omni
239 1692 416 1776 elegantiae
441 1714 535 1757 sensu
558 1692 751 1769 destitutus,
782 1690 1004 1755 testimonium
1027 1689 1213 1756 huiusmodi

128 1784 312 1862 libellorum
336 1797 471 1863 adhibet
492 1797 555 1861 nisi
577 1797 612 1861 in
636 1797 796 1875 dissensu,
832 1817 857 1861 e.
882 1818 912 1881 q.
938 1818 1001 1876 s«,
1025 1795 1132 1861 nescio
1155 1816 1212 1859 cur

130 1900 235 1967 Kritzi
258 1902 505 1987 explicationem
527 1925 658 1988 prorsus
682 1901 881 1988 neglexerit;
910 1892 1015 1985 neque
1037 1901 1076 1967 de
1102 1899 1213 1964 Domi-

130 1993 209 2072 tiani
232 2007 364 2093 ingenio
389 2029 486 2092 quam
501 2007 579 2072 fecit
590 2007 807 2072 coniecturam
831 2010 951 2071 eertmn
973 2007 1052 2071 satis
1074 2005 1212 2070 talernve

127 2098 213 2178 dices
235 2116 273 2177 ut
284 2135 322 2178 es
335 2111 515 2178 refutentur
528 2135 610 2198 quae
621 2115 659 2178 de
672 2134 766 2177 causa
777 2133 834 2176 cur
856 2112 1027 2196 legimus
1047 2111 1213 2196 scripserit

127 2204 259 2283 Tacitus
280 2239 299 2281 a
323 2215 437 2283 Wexio
460 2220 605 2303 exposita
628 2220 714 2283 sunt.
767 2215 906 2283 Omnino
929 2238 1004 2282 vero
1028 2215 1213 2280 Peerlkam-

127 2323 217 2407 pium
239 2321 356 2386 iterum
378 2322 419 2387 ad
440 2322 623 2408 Hocggium
647 2325 727 2408 puto
751 2322 961 2405 delegandum
984 2342 1069 2400 esse,
1100 2321 1157 2405 qui
1180 2342 1211 2405 p.

132 2414 171 2491 16
193 2409 307 2492 contra
327 2427 425 2494 Heldi
447 2429 645 2513 suspiciones
666 2427 917 2512 haecdisputat:
944 2453 959 2484 >
986 2472 1120 2491 .....
1142 2446 1212 2507 nec,

129 2531 157 2596 si
179 2532 231 2596 cui
253 2552 319 2596 non
341 2533 418 2596 satis
440 2533 561 2618 liquet,
591 2555 655 2619 qua
677 2534 711 2600 id
734 2533 861 2598 ratione
884 2533 955 2597 fieri
977 2531 1137 2618 potuerit,
1170 2531 1212 2596 ob

129 2658 198 2702 eam
218 2658 285 2701 rem
314 2638 468 2704 continuo
499 2639 538 2704 de
569 2640 672 2725 proba
702 2639 879 2724 scripturae
912 2637 1096 2703 conditione
1118 2635 1213 2701 dubi·

127 2727 280 2820 tandum,
311 2747 368 2807 aut
389 2744 486 2809 lectio
509 2747 546 2808 ut
567 2745 681 2830 inepta
710 2746 743 2808 et
773 2744 858 2808 bono
890 2743 1049 2827 scriptore
1080 2741 1211 2826 indigna

128 2847 312 2914 reiioienda'
325 2849 404 2943 est«

213 2974 340 3036 neque
364 3002 371 3017 .
396 3000 403 3017 .
429 3001 436 3017 .
461 2953 625 3041 ..modo,
660 2951 731 3017 sed
757 3001 765 3017 .
790 3001 797 3015 .
898 2972 1067 3036 quoque.
1123 2948 1212 3015 Haec

126 3078 209 3122 unus
223 3056 359 3122 Wexius
370 3059 490 3125 maiore
501 3058 764 3143 interpunctione
787 3057 828 3121 ab
851 3056 890 3121 iis
912 3077 993 3144 quae
1017 3056 1212 3122 antecedunt

125 3163 291 3242 distinxit,
326 3162 377 3228 cui
399 3185 456 3229 cur
479 3163 626 3228 accedam
649 3185 717 3245 non
738 3160 905 3248 intellege.
963 3162 1013 3228 De
1037 3161 1212 3247 particula·

126 3289 198 3332 rum
231 3290 268 3333 ea
299 3268 450 3333 iunctura
484 3289 556 3332 cum
590 3271 748 3353 quantum
781 3268 821 3332 ad
844 3289 904 3333 scr.
925 3268 1003 3332 min.
1027 3267 1211 3353 Draegerus

127 3376 155 3455 ἓ.
182 3374 244 3438 128
279 3376 312 3439 et
343 3373 553 3438 Woelfflinus
587 3373 703 3439 Philol.
726 3373 836 3454 XXV,
867 3395 897 3458 p.
923 3373 995 3437 110.
1030 3375 1090 3438 125
1125 3371 1210 3451 (coll.

125 3477 233 3564 Spitta
257 3502 288 3564 p.
314 3480 427 3565 10617)
451 3480 558 3543 minus
591 3485 739 3544 accurate
765 3478 974 3555 rettulerint,
1009 3476 1115 3542 varias
1142 3476 1211 3543 eius

124 3583 246 3649 formas
269 3584 320 3649 hio
344 3584 541 3649 adscribam:

210 3710 272 3754 non
303 3694 414 3767 solum3
448 3696 583 3768 teutum3
617 3693 766 3754 modo--
789 3689 958 3753 sedetiam
984 3687 1102 3771 legitur
1124 3686 1212 3752 Dial.

126 3793 155 3871 7,
180 3793 231 3871 20,
256 3794 308 3872 21,
332 3794 374 3857 24
397 3794 497 3876 (Suet.
521 3793 608 3860 Caes.
634 3795 693 3871 453
726 3792 792 3859 Cal.
818 3795 876 3871 29;
899 3792 993 3858 Dom.
1020 3792 1078 3874 113
1100 3792 1138 3857 de
1161 3813 1210 3877 gr.
1317 3883 1319 3887 Ι

196 3973 356 4046 Militiam
374 3972 494 4028 Rothius
521 3973 552 4029 in
579 3975 675 4031 adnot.
693 3976 730 4031 ad
756 3993 919 4032 conversum
945 3974 1139 4047 »Agricolam«
1168 3973 1211 4029 in·

122 4063 267 4139 geniosam
286 4081 372 4133 quum
391 4052 420 4116 in
440 4062 685 4133 edit'protulerat
701 4065 873 4120 sententiam
892 4063 1006 4121 abiecit.

195 4156 242 4227 45)
261 4155 332 4210 Eum
351 4152 423 4208 dicit
441 4151 491 4220 qui
509 4169 596 4219 usque
615 4153 652 4207 ed
672 4153 795 4224 primum
813 4144 902 4211 nostri
920 4155 988 4211 anni
1005 4172 1129 4210 mensem
1147 4155 1166 4209 i.
1186 4171 1211 4214 e.

123 4246 279 4315 antequam
290 4243 428 4301 Aemilius
437 4240 588 4297 Ollivierus
598 4242 694 4300 edictu
703 4261 753 4300 sua
765 4240 890 4316 speciosa
902 4246 1035 4316 proderet
1052 4245 1211 4316 legebatur.
