2730 4650
668 302 712 368 27

145 475 216 542 dem
238 476 448 562 Ritterusque
470 475 532 562 (ed.
556 497 585 541 a.
611 475 708 562 1852)
731 476 859 542 veniam
880 477 971 542 illam
1000 497 1018 540 a
1040 472 1227 540 Domitiano

145 582 316 668 petendam
337 582 435 647 fuisse
457 584 668 660 censuerunt,
698 582 858 667 interpres
880 583 1013 668 quidam
1034 582 1070 645 in
1091 578 1227 664 Ephem.

138 685 206 752 'Lit
229 687 361 752 Halens.
394 709 422 751 a.
450 687 531 752 1828
562 686 701 774 (Hoegg.
737 689 812 774 p.5
846 691 879 752 et
909 689 949 753 10
982 683 1226 763 dissertationis,

142 814 239 878 quam
263 793 418 858 »habuit«
443 792 572 877 quidem
595 792 740 871 Wexius,
771 794 826 858 sed
848 793 1031 858 adhibuisse
1051 814 1119 856 non
1140 790 1229 855 vide·

141 899 224 984 tur),
257 901 290 962 et
323 921 397 964 cum
419 920 456 963 eo
479 897 643 978 Halmius,
677 898 824 978 Wexius,
855 899 1016 979 Kritzius,
1038 895 1227 973 Urlichsius,

143 1004 326 1089 Draegerus
349 1003 496 1069 Tacitum
527 1005 612 1089 apud
642 1006 792 1090 aequales
822 1005 953 1069 virtutis
975 1002 1152 1069 incuriosos
1174 1022 1228 1064 ex-

135 1108 253 1175 cusare
275 1109 351 1174 libri
373 1111 599 1195 argumentum
638 1112 871 1194 exposuerunt,
899 1111 947 1173 ita
968 1109 1017 1173 illi
1039 1107 1167 1192 quidem
1190 1107 1227 1169 nt

144 1216 239 1280 variis
261 1236 370 1280 rursus
393 1215 573 1280 rationibus
602 1215 689 1279 inter
711 1238 744 1280 se
775 1215 975 1280 dissentiant.
1033 1211 1095 1277 Sed
1128 1211 1228 1275 etiam

141 1319 191 1384 his
213 1320 538 1405 interpretationibus
562 1320 674 1385 insunt
703 1320 808 1386 adhuc
840 1320 925 1386 haud
948 1339 1066 1405 parvae
1088 1315 1227 1381 difficul-

41 1489 46 1498 ,
141 1428 235 1504 tates,
256 1447 336 1510 quas
357 1447 427 1490 cum
450 1428 501 1490 tot
522 1428 652 1510 tamque
674 1426 780 1490 idonei
795 1427 925 1511 patroni
947 1424 1092 1490 funditus
1112 1422 1227 1487 tollere

142 1551 209 1595 non
231 1530 412 1616 potuerint,
441 1551 570 1615 sperare
592 1551 694 1614 paene
716 1530 842 1594 desinas
864 1530 931 1595 fore
955 1551 1096 1614 unquam
1120 1530 1157 1591 ut
1176 1527 1227 1590 in-

140 1634 289 1701 veniatur
323 1635 491 1720 probanda
525 1635 673 1700 omnibus
695 1635 877 1720 explicatio.
926 1635 1072 1719 Hoeggio
1096 1633 1227 1718 quidem

141 1762 214 1806 cum
234 1762 341 1804 nunc
377 1762 444 1805 non
479 1742 517 1805 de
551 1741 620 1826 ipso
655 1763 692 1806 eo
714 1744 861 1826 tempore
884 1763 948 1825 quo
970 1726 1106 1804 libellus¹
1122 1737 1226 1802 editus

134 1846 202 1924 sit,
234 1847 289 1911 sed
311 1868 406 1912 sensu
428 1848 542 1912 latiore
565 1848 604 1912 de
626 1848 666 1912 iis
687 1848 889 1934 temporibus
911 1846 946 1911 in
968 1867 1051 1932 quae
1072 1843 1226 1909 inciderit

142 1948 246 2016 Taciti
278 1954 367 2016 aetas
395 1953 616 2038 accipiendum
650 1953 789 2018 »uostris
811 1953 1030 2038 temporibus«
1055 1949 1224 2033 (Ritterust

142 2068 193 2121 in.
216 2056 364 2145 diebusc)
387 2060 420 2122 et
445 2058 536 2123 »vivo
560 2058 768 2123 Domitiano«
793 2058 974 2144 significare
995 2056 1095 2133 dicat,
1118 2075 1226 2118 assen-

139 2161 195 2226 tiri
215 2162 306 2227 nullo
329 2161 424 2227 modo
447 2160 532 2227 licet.
590 2161 791 2247 Quamquam
822 2161 908 2226 onim
935 2161 1122 2227 adverbium
1145 2159 1225 2224 illud

141 2267 238 2330 etiam
261 2268 474 2352 praeteritum
497 2267 642 2352 proxime
665 2271 793 2353 tempus
816 2288 1048 2351 nonnunquam
1064 2265 1224 2350 complec-

141 2370 222 2435 titur
244 2369 299 2456 (cf.
319 2370 406 2437 Dial.
430 2373 482 2450 29,
506 2373 547 2437 35
569 2374 615 2438 in.
640 2375 681 2436 at
703 2373 838 2458 nunc),
861 2376 971 2437 tamen
992 2373 1040 2436 ita
1062 2375 1100 2436 ut
1120 2372 1225 2436 solum

140 2473 202 2541 hoc
223 2476 383 2562 significet
404 2477 588 2562 oppositum
612 2480 710 2543 etiam
732 2479 794 2564 ipsi
806 2479 967 2565 praesenti
978 2477 1117 2564 tempori
1132 2498 1224 2541 usur-

141 2582 212 2667 pari
233 2602 453 2667 prorsusnon
475 2586 593 2668 potest,
616 2585 806 2668 praesertim
832 2584 858 2649 si
886 2583 1005 2648 autad
1028 2583 1125 2648 verba
1147 2582 1220 2667 qui-

140 2685 199 2750 bus
220 2687 349 2752 additur
370 2690 456 2753 recte
478 2688 695 2773 intellegenda
720 2691 808 2754 certo
838 2690 932 2754 nobis
963 2711 1044 2774 opus
1072 2690 1121 2753 est
1142 2690 1224 2752 tem·

138 2792 227 2878 poris
248 2792 369 2857 indicio
392 2795 449 2856 aut
470 2793 575 2878 ipsum
601 2795 710 2880 paullo
738 2796 812 2879 post
840 2795 975 2879 propria
994 2815 1052 2859 sua
1072 2795 1105 2860 vi
1126 2794 1224 2858 itera-

137 2902 192 2962 tur
214 2895 316 2985 (quod
347 2900 522 2984 utrumque
542 2899 598 2963 hic
621 2900 690 2964 fieri
712 2899 897 2985 concedes),
928 2899 997 2977 vel,
1031 2920 1071 2962 no
1093 2899 1223 2984 longior

137 3002 216 3081 sim,
246 3025 354 3068 nunc
386 3004 477 3068 nulla
509 3005 636 3070 ratione
668 3027 727 3090 pro
750 3026 788 3070 eo
811 3005 897 3089 quod
920 3007 969 3069 est
989 3026 1122 3089 nuper
1144 3004 1222 3090 poni

138 3109 263 3194 potest3
287 3111 320 3172 et
342 3130 399 3174 cur
421 3109 481 3175 hoc
504 3111 610 3195 ipsum
633 3131 651 3174 a
674 3109 784 3176 Tacito
810 3114 953 3196 spretum
976 3112 1126 3196 putemus
1150 3108 1222 3193 (cf.

138 3232 164 3276 c.
179 3213 231 3292 39,
255 3213 312 3296 2)?
356 3214 439 3279 Tum
461 3217 658 3300 nequiquam
679 3217 754 3281 illos
775 3217 981 3301 participium
995 3216 1222 3282 defunctus

137 3317 345 3403 interpretari
370 3322 499 3385 >statim
523 3325 597 3407 post
618 3322 685 3387 eius
708 3325 863 3388 mortem«
888 3345 905 3387 e
928 3322 1025 3387 Wexi
1049 3321 1147 3386 simili
1169 3343 1223 3386 ex·

137 3422 311 3508 plicatione
341 3424 452 3489 discas.
506 3425 585 3490 Cum
614 3428 715 3492 altera
738 3430 846 3492 autem
868 3427 1136 3512 interpretatione
1161 3426 1222 3490 mi·

136 3526 223 3592 nime
255 3530 427 3594 convenire
461 3530 609 3595 videntur
644 3533 818 3619 praeterita
849 3532 930 3597 fuit
960 3534 993 3597 et
1015 3533 1220 3617 petissem,

136 3653 218 3716 quae
241 3633 323 3698 alius
345 3634 456 3716 aliter,
479 3658 574 3702 nemo
597 3638 643 3701 ita
665 3641 702 3701 ut
724 3659 763 3702 ex
785 3638 874 3702 omni
896 3639 989 3722 parte
1011 3638 1106 3703 nobis
1130 3638 1222 3702 satis-

136 3736 249 3822 faciat,
283 3739 465 3824 explicavit.
525 3741 730 3807 Probabilius
761 3764 836 3807 vero
863 3743 978 3807 ceteris
987 3741 1029 3828 ⁴⁰)
1051 3743 1221 3808 dicendum

46 4091 48 4096 .
134 4035 199 4074 cum
217 4020 272 4076 toti
291 4019 380 4091 capiti
397 4021 483 4076 tertio
499 4023 561 4077 tum
579 4023 673 4080 verbis
691 4042 764 4094 quae
794 4027 860 4082 sunt
878 4026 924 4083 vel
941 4025 1087 4082 incondita
1105 4043 1138 4081 ac
1157 4025 1221 4080 rudi

135 4126 203 4166 soce
221 4127 279 4179 seq.
298 4110 426 4182 putidius
444 4111 543 4168 addita
559 4113 712 4170 videretur.

206 4199 253 4271 40)
271 4200 429 4272 Druegerus
447 4218 511 4257 enm
530 4221 614 4272 quem
645 4204 675 4260 in
699 4205 827 4276 epistolis
845 4204 940 4260 Latini
959 4205 1050 4261 secuti
1067 4205 1134 4260 sunt
1151 4205 1219 4262 scri·

133 4288 219 4348 bendi
236 4311 343 4350 morem
361 4311 533 4364 quamquam
557 4312 574 4351 a
592 4295 695 4352 Wexio
720 4295 790 4354 scite
816 4296 958 4353 reiectum
972 4295 1068 4351 denuo
1085 4297 1227 4350 contutum
