2730 4650
664 246 702 311 11

153 416 334 502 ragraphos
366 418 593 502 grammaticas
625 439 712 483 meas
746 416 985 482 observationes
1007 414 1171 480 annotabo
1184 411 1235 498 11).

154 519 204 585 De
227 521 447 601 compluribus
469 522 629 587 librorum
650 542 762 586 eorum
784 520 842 586 cfr.
866 520 1028 586 sententia
1049 516 1236 589 Woelfflini

154 622 288 710 (Philol.
307 624 426 704 XXVI,
453 627 513 691 135
525 627 599 712 sq.),
622 627 680 711 qui
702 645 784 710 quae
806 625 845 691 de
866 623 1028 689 Holmano
1050 622 1236 688 Peerlkam-

153 729 209 813 pio
232 729 361 794 disserit
392 730 432 795 iis
463 731 612 795 homines
643 730 730 795 docti
752 730 860 814 magis
879 729 1045 813 magisque
1067 727 1164 792 velim
1186 747 1235 790 as·
1292 734 1294 739 ’
1356 732 1360 744 “

152 832 336 898 sentiantur
347 833 396 920 18).
408 870 451 883 —
473 833 626 900 Codicum
637 834 868 901 Vaticanorum
889 855 1008 898 novam
1029 832 1236 897 collationem

152 935 273 1001 factam
295 959 361 1006 esse
383 939 465 1003 mihi
487 939 653 1004 nuntiavit
682 937 820 1024 epistola
853 938 947 1003 amici
980 937 1163 1013 cuiusdam,
1196 956 1237 999 ex

155 1062 219 1124 qua
240 1041 351 1107 eedem
372 1043 527 1108 lectiones
548 1042 635 1107 illius
657 1043 691 1107 in
714 1041 869 1108 Leutschi
893 1040 1032 1106 »Philet
1049 1040 1232 1125 Anaeigerr

155 1165 184 1208 a.
208 1145 291 1210 1869
313 1168 362 1211 ιιι.
387 1146 406 1210 7
427 1147 570 1231 prolatas
591 1148 746 1232 cognovi,
779 1148 897 1232 quibus
925 1147 1033 1211 nescio
1055 1167 1098 1209 au
1120 1144 1237 1209 confir-

153 1251 259 1314 metur
292 1250 378 1334 quod
400 1250 612 1316 Woelfflinus
645 1251 701 1316 alt.
728 1243 901 1315 somnient.
923 1274 956 1336 p.
979 1244 1235 1330 9310300119).
1330 1242 1337 1255 '

153 1352 203 1418 De
228 1357 355 1420 >vetere
376 1356 504 1421 codice«
528 1355 642 1421 Ursini
665 1359 699 1421 et
720 1355 931 1420 annotatione
953 1353 1126 1444 marginali
1149 1351 1237 1417 codi-

153 1458 199 1523 cis
222 1459 253 1520 Γ
269 1480 352 1542 quae
372 1462 421 1525 eat
442 1459 528 1524 inter
549 1459 661 1525 doctos
682 1459 911 1525 dissensionem
944 1479 1005 1543 ego
1026 1441 1099 1524 curii
1120 1457 1238 1522 diiudi-

153 1582 228 1627 care
249 1584 316 1627 non
339 1565 469 1648 possim,
492 1565 643 1630 omittere
663 1566 773 1628 tamen
794 1564 871 1628 nolo
886 1567 920 1628 et
930 1562 1015 1648 apud
1026 1561 1236 1628 Leutschium

152 1666 175 1730 l.
196 1666 219 1730 l.
243 1669 276 1731 et
304 1668 391 1753 apud
412 1666 640 1734 Woelfflinum
662 1666 707 1755 (p.
732 1667 809 1756 137)
845 1689 945 1732 novas
964 1667 1003 1732 de
1025 1668 1066 1731 iis
1087 1665 1237 1731 lectioni-

153 1770 214 1835 bus
247 1771 356 1835 afferri
388 1773 582 1851 sententias,
616 1773 724 1837 minus
756 1773 877 1839 alienas
909 1795 937 1836 a
950 1771 1047 1837 Wexi
1081 1771 1234 1855 opinione

156 1895 253 1958 quam
275 1875 430 1942 iudicium
451 1875 573 1955 Kritni,
604 1878 695 1942 cuius
718 1877 848 1961 quidem
871 1877 1071 1961 argumentis
1091 1874 1148 1939 illa
1168 1895 1236 1939 uon

155 1978 297 2044 refutata
329 1980 409 2046 mihi
440 1981 567 2046 videtur
603 1980 657 2066 (of.
690 1981 816 2046 Peerlk.
839 1981 889 2046 ed.
912 2003 944 2065 p.
969 1981 1030 2045 172
1061 1981 1171 2060 exta).
1193 2015 1237 2027 -

156 2082 208 2149 Δ3
233 2087 412 2150 extremum
434 2085 538 2151 facere
570 2107 639 2150 non
670 2107 798 2171 possum
825 2086 904 2170 quin
926 2084 1052 2150 veniam
1075 2085 1185 2168 petam
1207 2083 1237 2146 ei

157 2210 221 2272 quo
243 2211 320 2253 usus
344 2211 414 2255 sum
438 2189 693 2275 orthographiae
715 2191 840 2273 generi,
874 2189 913 2254 de
935 2209 999 2272 qua
1020 2209 1094 2251 cum
1115 2189 1237 2251 aestate

156 2292 330 2377 superioris
353 2294 431 2357 anni
441 2292 566 2378 Bergki
581 2293 621 2360 V.
632 2294 673 2358 D.
690 2295 862 2378 epistolam
876 2290 1236 2369 Phi101.v01.xxv111‚

156 2419 188 2482 p.
212 2397 388 2462 438-468
410 2398 530 2464 editam
552 2397 702 2484 legissem
711 2398 768 2481 ²⁰),
803 2400 901 2463 altius
933 2398 1031 2463 etiam
1052 2397 1088 2461 in
1109 2396 1239 2461 dubita·

155 2501 262 2566 tiones
284 2501 434 2567 inductus
457 2524 538 2581 sum,
562 2504 711 2589 equibus
724 2507 762 2568 ut
778 2525 971 2585 emergerem
994 2501 1137 2566 nondum
1158 2498 1238 2564 mihi

155 2605 326 2689 contigisse
348 2607 493 2692 graviter
514 2605 592 2673 fero.
618 2643 661 2656 -
682 2607 758 2674 Janr
770 2607 982 2694 praefationis
1002 2601 1238 2672 finemfacturo

228 2855 325 2927 17)1n
341 2854 487 2912 vocabulis
505 2855 681 2928 explicandis
704 2873 848 2914 ueroeam
866 2873 952 2925 quam
975 2855 1056 2926 potui
1074 2855 1239 2939 persecutus
1319 2842 1324 2851 ’

39 2964 47 2996 ι.
154 2961 216 2998 sum
234 2945 345 3014 copiam
363 2947 556 3017 exemplorum
573 2976 610 2988 -
634 2949 711 3004 reete
733 2949 810 3005 enim
828 2949 924 3004 vetere
941 2946 1091 3018 proverbio
1108 2945 1238 3012 docendi,

154 3048 212 3087 000
230 3033 370 3102 probandi
396 3034 440 3090 vis
463 3036 499 3092 iis
517 3036 655 3092 tribuitur
673 3067 707 3078 -
734 3054 900 3109 semperque
924 3037 1104 3107 praetermisi
1129 3052 1238 3107 quasa

155 3120 295 3198 Freundio
312 3122 343 3178 in
361 3123 416 3180 lex.
434 3124 501 3180 mai.
519 3126 624 3182 collata
642 3124 815 3183 inveneram.
861 3192 871 3209 ·
958 3109 963 3120 Δ

228 3211 274 3282 18)
293 3211 369 3278 Quae
393 3213 429 3269 de
448 3214 540 3269 Kritai
556 3215 683 3271 editione
707 3215 814 3272 ibidem
833 3215 911 3271 dicta
928 3216 995 3270 sunt
1012 3233 1047 3271 ea
1063 3215 1157 3271 minus
1172 3231 1237 3287 prp-

154 3299 218 3355 bari
234 3303 305 3371 puto
322 3319 340 3357 a
358 3296 541 3374 Nipperdeyo
560 3306 590 3361 et
608 3305 644 3360 ab
657 3304 805 3371 Urlichsio,
824 3322 945 3373 quorum
962 3305 1079 3360 alterius
1098 3321 1237 3360 commen·

153 3390 806 3462 10110110033001000010000303011010
832 3393 884 3463 (sie
909 3411 971 3463 cap.
991 3394 1016 3458 7,
1035 3394 1066 3458 3,
1085 3393 1129 3458 33,
1148 3392 1179 3445 21
1210 3408 1237 3447 v

154 3478 242 3534 etiam
260 3474 419 3536 Woelfflini
437 3481 474 3536 ad
492 3499 517 3537 c
535 3481 570 3536 22
588 3483 660 3538 extr.
678 3482 836 3554 annotatio)
861 3481 946 3552 plane
971 3481 1102 3553 neglecta
1120 3483 1237 3537 estnon

153 3585 266 3638 possum
284 3586 341 3626 non
358 3570 465 3626 mirari,

228 3658 306 3729 19)»
293 3659 368 3715 »Ans
391 3660 456 3717 den
465 3660 569 3718 beiden
586 3661 648 3717 Hss.
666 3661 715 3718 des
734 3661 802 3733 Agr.
819 3660 859 3716 ist
883 3660 956 3739 nach
980 3661 1034 3716 300
1059 3659 1238 3716 collationem

155 3745 346 3803 0100030100.
364 3749 471 3816 Brenn,
491 3749 692 3816 110011110οιιο,
711 3750 817 3806 Theod.
836 3750 1002 3814 Mommsen,
1020 3748 1075 3805 wie
1093 3747 1133 3805 010
1151 3750 1238 3806 echon

155 3836 228 3891 Wex
246 3854 280 3892 au
300 3835 409 3895 Gebete
426 3841 559 3907 0100300,
583 3841 687 3897 030000
704 3840 798 3912 wenig
816 3841 916 3911 [atque
934 3857 969 3897 ex
989 3838 1157 3913 Germaniae
1175 3838 1237 3895 cod.

153 3925 350 3996 Periaouiano]
368 3929 456 3984 etwas
474 3930 568 3986 Neues
585 3949 619 3985 au
636 3931 746 3986 holera«

224 4015 271 4086 20)
289 4015 359 4088 Legi
378 4034 412 4073 00
429 4036 542 4088 quoque
568 4036 642 4089 quae
660 4019 840 4076 11001311οιιο
865 4019 951 4091 prior.
970 4020 1118 4077 comment.
1137 4035 1165 4088 p.
1184 4017 1236 4072 127

153 4121 187 4161 ex
205 4105 386 4164 antecedenti
403 4108 579 4181 expositione
602 4109 777 4181 collegite»
763 4109 843 4175 »3000
867 4109 915 4166 310
933 4109 1083 4168 madiam
1106 4107 1158 4163 der
1174 4104 1236 4162 1100.

152 4193 183 4250 10
201 4195 473 4268 orthographisehen
490 4193 615 4270 Dingen
621 4237 629 4254 .
649 4238 656 4253 .
675 4239 682 4254 .
702 4239 709 4255 .
729 4228 736 4254 ·.
756 4237 868 4254 .....
880 4218 905 4254 ι.
